1753 3215
819 192 824 195 ·
853 177 913 222 24

153 311 324 348 Graecum
364 308 542 359 exemplar
568 311 660 346 inter
693 305 807 347 edicta
836 312 958 360 quinto
985 311 1064 349 ioco
1092 307 1257 354 habetur,
1288 320 1365 346 cum
1395 308 1437 353 ei,
1466 308 1525 356 qui
1555 305 1623 343 col-

150 384 336 421 lectionem
366 381 571 422 CLXVlIl.
615 380 845 422 Novellarum
877 384 1087 436 compilavit,
1116 393 1182 420 nec
1210 380 1386 420 Graecum
1407 380 1626 420 Latinumve

152 457 333 508 exemplar
349 456 392 495 ad
406 470 532 496 manus
548 462 660 505 esset3
676 464 851 497 ⁴neutrum
870 443 964 497 enim
983 457 1073 510 apud
1089 456 1323 507 Scrimgerum
1339 453 1627 494 Haloandrumvo

153 533 303 571 relatum
333 543 400 572 est.
450 530 545 575 Quid
573 531 663 583 quod
692 531 846 571 Novella
876 532 984 580 122.·,
1013 544 1099 584 quae
1127 533 1163 570 in
1192 529 1394 569 collectione
1424 528 1627 569 CLXVIII.

155 605 387 646 Novellarum
416 606 496 647 ideo
525 612 665 660 recepta
692 621 763 647 non
793 612 866 656 est,
896 610 978 659 quia
1009 607 1049 645 ab
1077 604 1182 645 huius
1220 605 1373 655 corporis
1404 605 1627 655 compilatore

157 685 302 733 reperiri
320 696 391 721 non
421 686 533 734 potuit
545 682 595 736 ¹),
622 685 714 721 inter
741 682 905 721 tredecim
936 681 1050 720 edicta
1077 685 1176 719 sexto
1204 680 1279 717 loco
1308 679 1424 730 posita
1453 679 1530 717 est?
1558 679 1627 717 De-

158 758 265 807 nique
302 756 408 804 illud,
446 756 538 808 quod
573 759 684 808 primo
719 757 796 795 loco
824 758 978 807 positum
1009 763 1062 794 est
1090 753 1238 793 edictum
1275 748 1412 806 (incipit
1440 757 1556 790 autem
1586 752 1628 791 ab

159 829 219 867 his
247 832 384 867 verbis:
421 831 495 881 τῆς
525 828 854 882 παραδοθείσης)
893 833 960 868 etsi
988 833 1024 868 in
1059 829 1259 880 vulgaribus
1295 826 1521 864 Novellarum
1558 824 1630 863 edi-

162 906 316 944 tionibus
333 904 377 943 ad
392 904 579 945 Novellam
596 903 648 952 8.,
678 918 744 957 quo
773 905 933 952 refertur,
963 905 1155 956 appositum
1185 908 1248 950 est,
1276 901 1334 941 hic
1362 907 1477 940 tamen
1505 903 1542 939 in
1559 899 1628 939 Ve-

163 985 244 1015 neto
273 978 504 1017 Novellarum
544 979 662 1017 codice
693 978 907 1016 desideratur
919 974 968 1029 2).
1026 976 1083 1014 Ex
1111 976 1184 1022 his,
1224 989 1311 1027 quae
1340 975 1512 1020 diximus,
1541 975 1630 1012 satis

164 1058 318 1103 apparet,
335 1054 427 1092 inter
441 1052 607 1092 tredecim
617 1052 730 1092 edicta
743 1053 871 1091 relatas
881 1065 959 1094 esse
969 1065 1039 1097 eaS,
1056 1052 1192 1101 quaein
1209 1051 1410 1089 collectione
1425 1048 1630 1088 CLXVIII.

164 1125 395 1165 Novellarum
411 1126 653 1166 desiderantur
671 1126 1139 1171 Iustinianiconstitutiones,
1166 1122 1314 1175 ideoque
1342 1137 1411 1162 non
1442 1122 1631 1161 deliberan—

168 1200 250 1239 dum
281 1204 543 1248 existimamus,
573 1205 655 1252 quin
683 1204 726 1248 is,
756 1204 814 1251 qui
841 1201 931 1239 hanc
957 1201 1073 1252 legum
1103 1199 1324 1251 appendicem
1361 1197 1504 1245 adiecit,
1532 1197 1632 1245 illud,

167 1276 223 1314 cui
253 1273 397 1322 adiecit,
432 1276 549 1328 legum
580 1287 705 1326 corpus
732 1277 801 1312 iam
830 1274 1021 1326 perfectum
1051 1274 1279 1334 omnibusque
1315 1274 1468 1311 numeris
1497 1272 1632 1310 absolu-

168 1355 241 1385 tum
258 1361 341 1399 prae
359 1362 463 1387 manu
480 1348 649 1388 habuerit.
687 1346 789 1390 Quod
804 1351 836 1386 si
850 1361 970 1386 verum
999 1354 1064 1395 est,
1092 1349 1195 1386 facile
1224 1353 1278 1386 est
1305 1346 1350 1385 ad
1380 1346 1630 1385 coniiciendum

100 1426 105 1430 '
168 1435 213 1459 ex
243 1427 317 1459 tota
353 1423 460 1461 huius
489 1421 690 1473 appendicis
718 1423 955 1467 collocatione,
992 1422 1082 1460 hanc
1111 1422 1247 1472 quidem
1275 1421 1402 1459 Iustini
1430 1421 1633 1470 Tiberiique

167 1494 413 1541 Novellarum,
450 1508 537 1545 quae
571 1499 687 1534 statim
728 1501 848 1546 postea
883 1499 1018 1547 positae
1048 1500 1151 1542 sunt,
1179 1494 1371 1533 adiectione
1406 1498 1631 1546 posteriorem

166 1580 234 1605 non
254 1580 345 1605 esse.
378 1567 490 1609 Quam
522 1569 658 1619 quidem
689 1568 928 1614 adiectionem,
955 1572 1034 1620 ipsa
1061 1572 1307 1621 imperatorum
1337 1572 1428 1606 serie
1456 1568 1559 1615 ducti,
1589 1568 1632 1607 ad

165 1654 219 1689 ea,
250 1654 336 1692 quae
353 1642 468 1692 paullo
485 1648 565 1693 post
594 1643 775 1681 Tiberium
804 1643 957 1689 fuerunt,
987 1648 1142 1693 tempora
1170 1644 1365 1690 referimus,
1394 1644 1519 1693 quibus
1549 1649 1633 1682 tem-

160 1717 305 1764 poribus
335 1721 368 1752 et
397 1715 464 1753 hoc
494 1716 696 1754 CLXVIII.
754 1716 982 1754 Norellarum
1014 1728 1149 1765 corpus,
1183 1722 1285 1765 prout
1313 1720 1349 1753 in
1379 1716 1514 1754 Veneto
1543 1717 1632 1754 libro

161 1788 317 1835 habetur,
346 1792 413 1827 iam
431 1792 610 1828 exstitisse
640 1788 847 1827 credendum
877 1791 935 1828 sit.
972 1788 1140 1827 Heraclio
1170 1794 1262 1828 certe
1291 1788 1428 1840 quidem
1458 1792 1634 1842 antiquius

166 1874 245 1899 esse
269 1876 339 1900 non
355 1866 492 1912 poterit,
520 1867 552 1900 si
567 1863 774 1901 Latinarum
790 1863 1021 1901 Novellarum
1051 1862 1222 1900 defectum
1253 1862 1296 1899 ad
1310 1863 1463 1900 Latinae
1490 1865 1633 1916 linguae

165 1937 359 1982 inscitiam,
398 1948 484 1986 quae
521 1949 581 1986 per
616 1941 727 1973 totum
758 1936 934 1974 Orientem
972 1936 1058 1981 fuit,
1087 1935 1309 1973 referundum
1345 1949 1505 1985 censeas,
1545 1951 1633 1990 quae

166 2022 223 2047 res
261 2011 303 2047 ab
331 2009 476 2047 Heracii
513 2011 725 2059 temporibus
753 2012 892 2047 initium
921 2008 1057 2054 habuit,
1095 2015 1131 2047 ut
1161 2009 1412 2049 Constantinus
1439 2011 1634 2062 Porphvro-

164 2089 313 2135 genneta
349 2086 386 2122 in
422 2083 465 2122 de
505 2082 715 2121 thematibus
750 2083 839 2122 libro
868 2096 902 2134 p.
934 2081 972 2122 2.
1004 2082 1057 2122 ed.
1086 2082 1240 2122 Banduri
1275 2090 1396 2123 auctor
1431 2081 1546 2140 est3).
1576 2108 1633 2115 —

166 2157 243 2199 Quo
263 2157 459 2216 deniquein
478 2158 555 2195 loco
572 2163 691 2195 nostra
715 2158 830 2209 legum
862 2157 1058 2207 compilatio
1086 2157 1180 2195 facta
1208 2159 1265 2205 sit,
1292 2172 1361 2197 non
1389 2160 1494 2198 facile
1522 2160 1633 2201 dicas,

166 2230 268 2274 Quod
286 2245 448 2285 magnam
465 2233 679 2271 rubricarum
696 2237 826 2283 partem
857 2243 901 2268 ex
925 2229 1112 2274 Athanasii
1139 2231 1240 2278 libro,
1269 2236 1328 2283 qui
1354 2234 1410 2272 vel
1425 2233 1634 2274 Antiochiae

167 2306 223 2342 vel
238 2319 340 2361 prope
357 2320 433 2351 eam
463 2309 636 2346 civitatem
666 2308 818 2356 scriptus
848 2318 927 2342 esse
957 2301 1142 2358 dicitur⁴)‚
1172 2306 1332 2344 haustam
1363 2321 1442 2345 esse
1471 2309 1634 2355 vidimus,

168 2378 303 2426 Syriam
332 2379 387 2419 vel
413 2381 547 2419 vicinas
563 2379 686 2427 Syriae
714 2382 877 2431 regiones
905 2378 1094 2431 significari
1124 2385 1301 2430 putamus;
1331 2394 1419 2432 quae
1432 2385 1631 2421 coniectura

169 2460 201 2490 et
230 2454 289 2496 illo
319 2454 551 2500 confirmatur,
580 2453 673 2505 quod
701 2455 737 2492 in
766 2453 938 2494 Novellae
958 2451 1026 2491 74.
1056 2454 1287 2505 subcriptione
1316 2468 1443 2493 annum
1473 2455 1632 2495 videmus

258 2597 298 2639 1)
325 2598 386 2633 Sic
409 2598 503 2633 enim
528 2599 639 2634 editio
653 2598 848 2642 Scrimgeri
872 2597 1002 2643 p.3l2.
1025 2593 1046 2640 ἡ
1072 2596 1111 2632 δὲ
1123 2593 1201 2643 ρκβ’
1225 2593 1387 2638 διάταξις
1409 2596 1630 2647 οῦχεῦρέθη.

204 2656 207 2658 “
258 2654 297 2697 2)
319 2655 424 2699 Vide,
447 2666 541 2706 ,quae
564 2656 642 2696 dixi
664 2656 702 2698 in
724 2656 837 2698 libro:
875 2654 1067 2699 ‘Zeitschrifl
1088 2655 1146 2699 fiir
1166 2655 1412 2700 yeschichtliche
1427 2657 1632 2696 flecht-swes-

172 2711 337 2754 seuschast
358 2716 443 2748 tom.
468 2714 561 2748 vin.
585 2726 621 2758 p.
644 2714 725 2749 337.

263 2767 302 2807 3)
313 2768 403 2802 Vide
413 2770 655 2804 zAanmAm
664 2769 933 2805 historiaeiuris
945 2768 1257 2810 Graeco-Romani
1266 2770 1541 2812 delineationem
1550 2786 1586 2820 p.
1593 2774 1628 2810 5.

264 2821 304 2864 4)
330 2823 432 2869 vide,
456 2836 548 2875 quae
572 2825 610 2863 in
625 2821 855 2866 ’Λνεκὸότων
877 2830 967 2865 tom.
991 2826 1034 2863 ll.
1058 2837 1095 2874 p.
1120 2826 1199 2865 292.
1224 2826 1316 2864 dixi.
