1753 3215
849 246 903 291 19

138 384 266 422 tionem
296 382 437 421 nostrae
465 376 680 417 collectionis
710 379 912 430 compilator
941 392 986 422 ex
1014 378 1235 425 authentico,
1274 378 1366 429 quod
1394 394 1476 431 prae
1505 393 1612 422 manu

137 455 276 501 habuit,
311 453 499 492 retinuisse
527 451 783 492 existimandus
813 458 865 497 est
874 466 885 504 3
921 453 1008 492 haec
1037 456 1236 492 coniectura
1264 454 1422 492 firmatur
1451 461 1485 494 et
1513 458 1610 496 nobi·

137 531 276 568 lissimo
311 526 373 566 illo
416 531 610 579 quaestoris
639 529 765 566 verbo:
810 530 903 579 1095,
940 528 1032 583 quod
1064 528 1125 567 'hic
1161 530 1234 567 illic
1274 533 1354 580 post
1381 529 1497 580 legum
1528 532 1607 569 sub-

138 604 359 653 scriptionem
379 604 542 654 scriptum
561 599 667 657 ew),
697 615 762 642 nec
791 606 860 642 nisi
888 605 923 643 in
954 602 1164 643 authenticis
1193 603 1310 655 legum
1341 604 1607 655 exemplaribus,

138 679 199 716 ubi
225 676 283 716 hic
319 680 542 730 magistratus
578 673 797 729 imperatoris
824 679 948 716 litteris
978 677 1081 716 fidem
1112 678 1227 715 facere
1265 678 1416 723 solebat,
1451 682 1605 729 positum

138 752 491 808 fuisseintelligitur3
529 752 675 805 denique
692 754 742 792 ita
771 765 848 792 esse
876 758 916 793 ut
944 755 1196 800 existimemus,
1226 752 1311 791 facit
1339 757 1373 792 et
1400 753 1604 803 litterarum,

138 830 262 879 quibus
298 833 525 881 magistratus
561 831 778 879 imperatoris
812 831 909 880 leges
947 829 1096 866 subditis
1135 841 1325 879 proponere
1362 829 1530 875 solebant,
1558 831 1603 868 ad

138 903 241 943 finem
279 902 451 944 Novellae
491 900 586 945 159.
616 903 782 950 adiectio,
826 917 913 955 quae
941 907 991 942 ita
1018 903 1141 943 habet:
1178 905 1367 943 Iohannes
1406 911 1439 943 et
1471 905 1602 945 Curius

137 978 293 1018 subditis
323 981 535 1028 optulimus,
600 974 883 1016 Solebant*enim
914 981 1139 1030 magistratus
1168 982 1205 1016 in
1240 977 1482 1017 huiuscemodi
1516 980 1600 1030 legi-

101 1059 106 1065 ‘
139 1054 204 1091 bus
242 1052 473 1104 proponendis
508 1055 725 1104 imperatoris
734 1082 744 1100 ‚
789 1064 888 1103 quem
932 1052 1096 1104 religiose
1133 1052 1283 1091 colerent
1311 1059 1346 1091 et
1375 1056 1520 1091 caeteris
1548 1067 1599 1093 re·

136 1129 202 1165 bus
241 1133 485 1176 anteponerent
525 1129 702 1172 omnibus,
744 1128 878 1164 litteras
915 1130 950 1166 in
979 1129 1086 1177 priori
1113 1130 1190 1163 loco
1219 1140 1345 1176 ponere
1371 1131 1484 1176 iisque
1513 1140 1598 1164 suas

137 1204 237 1252 quasi
268 1199 465 1253 appendicis
493 1200 569 1238 loco
600 1198 770 1247 adiicere,
807 1213 909 1252 quam
938 1212 1008 1239 rein
1047 1204 1081 1238 et
1109 1199 1256 1239 Iacobus
1285 1199 1523 1240 Gothosredus
1553 1200 1599 1240 ad

136 1276 162 1313 l.
191 1288 251 1313 un.
281 1276 418 1313 Theod.
448 1275 490 1312 C.
520 1275 588 1312 XI.
621 1274 686 1312 13.
726 1272 776 1323 (si
804 1288 864 1324 per
892 1271 1142 1325 obreptionem)
1181 1275 1235 1313 ed.
1265 1275 1378 1313 Ritter
1420 1280 1504 1314 tom.
1533 1276 1597 1313 IV.

136 1362 172 1399 p.
210 1345 304 1386 107.
343 1352 377 1385 et
410 1346 604 1405 Zachariae
628 1341 879 1386 Ἀνεκδότων
928 1360 961 1398 p.
999 1345 1094 1386 234.
1128 1346 1417 1396 demonstrarunt,
1453 1355 1487 1388 et
1522 1350 1597 1402 ipse

136 1424 354 1461 lastinianus
397 1426 484 1462 satis
521 1427 637 1473 aperte
675 1422 867 1474 significat,
898 1425 958 1472 qui
985 1421 1079 1460 Nov.
1111 1420 1204 1460 146.
1243 1423 1322 1472 epil.
1352 1423 1597 1470 Areobindum‚

135 1498 347 1547 praefectum
368 1501 551 1547 praetorio,
580 1489 819 1549 προστάξεις
849 1494 894 1533 ad
921 1497 1171 1546 provinciarum
1201 1495 1378 1546 praesides
1406 1498 1495 1549 legis
1524 1511 1596 1548 pro-

138 1571 343 1624 mulgandae
367 1584 475 1610 causa
499 1570 580 1609 dare
598 1569 722 1623 hisque
745 1572 965 1622 imperatoris
995 1570 1129 1608 litteras
1165 1572 1358 1621 praeferre
1393 1567 1599 1625 iusserit2).

137 1647 239 1684 Talis
254 1650 361 1697 igitur
388 1646 555 1684 Iohannis
580 1646 744 1695 Curiique
773 1648 952 1694 scriptura,
982 1657 1058 1681 cum
1089 1643 1132 1680 ad
1161 1643 1331 1683 Novellae
1361 1642 1455 1683 159.
1491 1646 1594 1691 finem

137 1718 315 1765 habeatur,
339 1722 376 1758 in
393 1717 471 1765 hoc,
499 1719 590 1769 quod
606 1718 755 1759 subditis
768 1718 982 1769 propositum
1012 1717 1090 1763 fuit,
1119 1719 1376 1756 constitutionis
1405 1720 1594 1771 exemplari

137 1795 248 1832 fuisse
294 1792 523 1832 existimanda
567 1797 638 1836 est,
691 1804 734 1828 ex
781 1792 850 1829 alia
894 1790 1117 1828 Novettarum
1164 1792 1366 1830 collectione
1410 1796 1593 1833 transferri

136 1880 205 1905 non
233 1868 356 1917 potuit.
387 1887 439 1894 -
497 1865 554 1904 Ex
581 1864 649 1912 his,
679 1878 766 1916 quae
796 1864 959 1910 diximus,
988 1864 1089 1903 facile
1118 1873 1264 1911 constat,
1294 1866 1463 1917 siquando
1491 1869 1592 1919 plura

136 1940 289 1979 eiusdem
318 1941 407 1990 legis
436 1940 646 1989 exemplaria
672 1938 897 1982 haberentur,
933 1952 975 1975 ea
1010 1940 1100 1975 inter
1136 1952 1175 1976 se
1203 1941 1330 1977 collata
1364 1946 1466 1990 atque
1494 1941 1594 1987 hanc,

137 2026 225 2065 quae
251 2026 295 2050 ex
322 2015 605 2064 magistatruum,
635 2010 677 2048 ad
708 2022 795 2061 quos
824 2014 933 2048 missa
961 2017 1068 2059 erant,
1098 2012 1298 2051 diversitate
1328 2015 1519 2061 oriebatur,
1549 2016 1593 2053 le-

137 2090 261 2125 ctionis
295 2088 496 2123 varietatem
541 2085 584 2122 ad
632 2087 905 2132 uniuscuiusque
947 2085 1037 2135 legis
1082 2086 1184 2122 finem
1229 2085 1425 2123 adnotatam
1471 2089 1594 2124 tuisse.

137 2159 249 2203 Quam
267 2164 379 2197 tamen
395 2160 562 2197 rationem
583 2159 667 2198 etin
695 2156 819 2196 mediis
848 2160 1151 2197 constitutionibus
1179 2159 1348 2198 accidisse
1375 2160 1533 2199 videmus
1543 2157 1593 2213 ³),

137 2247 242 2283 quare
262 2234 390 2269 factum
423 2237 486 2277 est,
516 2238 553 2268 ut
581 2234 655 2281 ipse
668 2230 893 2268 Novellarum
923 2236 1105 2268 contextus
1135 2234 1257 2268 mirum
1288 2234 1324 2269 in
1354 2232 1491 2271 niodum
1523 2240 1592 2272 tur-

139 2309 239 2345 batus
276 2306 568 2356 interpolatusque
607 2303 763 2342 videatur
800 2317 894 2348 esse,
938 2318 1025 2354 quae
1064 2318 1120 2342 res
1157 2307 1217 2342 vix
1254 2307 1418 2356 explicari
1455 2311 1592 2357 poterit,

139 2384 209 2419 nisi
254 2380 297 2417 ad
342 2379 429 2429 hos,
483 2379 573 2416 unde
624 2385 762 2415 nostrae
807 2378 1021 2415 collectionis
1068 2379 1268 2427 compilator
1314 2378 1458 2416 deduxit
1517 2392 1594 2425 sua,

84 2464 86 2466 ’
140 2456 255 2493 fontes
292 2452 565 2491 descendendum
596 2465 674 2488 esse
703 2453 763 2489 tibi
791 2450 1012 2501 persuadeas.
1080 2452 1197 2489 Huius
1235 2454 1285 2488 rei
1313 2454 1510 2503 exemplum
1538 2455 1593 2490 vel

231 2622 270 2666 1)
298 2621 359 2657 Sic
369 2622 462 2656 Nov.
485 2620 555 2663 22„
578 2623 614 2653 et
637 2619 716 2654 105.
741 2619 901 2653 habetur.
947 2620 985 2652 ln
1010 2618 1203 2661 Scrimgeri
1226 2619 1384 2653 editione
1407 2631 1463 2664 ea,
1487 2632 1594 2666 quam

141 2680 266 2714 ultimo
287 2680 367 2714 loco
391 2676 588 2723 posuimus,
613 2677 673 2710 lex
696 2676 818 2710 habet:
843 2677 987 2719 lvyatur,
1007 2675 1103 2720 quod
1127 2677 1232 2720 quale
1255 2675 1315 2719 sit,
1338 2675 1411 2710 iam
1425 2676 1596 2712 Cniacius

142 2737 452 2773 animadverterat.

231 2793 271 2838 2)
299 2793 360 2829 Sie
379 2792 476 2828 enim
498 2794 523 2828 l.
548 2803 578 2829 c.
601 2783 811 2837 προτάττων
833 2787 954 2827 αὐτοῖς
975 2784 1037 2822 τὸν
1059 2787 1238 2835 ἡμέτερον
1261 2787 1393 2835 νόμον.

232 2851 272 2895 3)
298 2850 417 2885 Huius
451 2861 518 2894 ego
550 2850 604 2883 rei
634 2847 802 2882 indicium
832 2847 902 2883 iam
937 2846 1092 2885 feceram
1115 2846 1153 2881 in
1176 2847 1284 2882 libro:
1309 2849 1406 2883 Neue
1428 2850 1600 2886 leunischae

147 2910 472 2951 Litteraturzee'ttmy
494 2905 593 2942 1842,
617 2917 651 2951 p.
675 2905 754 2941 556.
