1753 3215
836 149 894 192 12

129 299 165 336 p.
194 280 287 323 159.
316 280 460 325 desunt3
488 277 636 329 denique
665 279 702 315 in
731 276 904 315 Novellae
924 272 994 316 39.
1024 276 1165 314 rubrica
1192 278 1299 316 verba
1326 274 1602 331 προικιμαίων

129 354 154 409 ἢ
182 351 464 409 προγαμιαίων
491 345 742 405 πραγμάτων
769 352 1006 402 reperiuntur,
1049 363 1195 402 quorum
1235 351 1328 403 apud
1364 350 1599 391 Athanasium

128 435 181 470 tit.
201 430 243 470 9.
273 436 384 469 coust.
412 428 451 467 3.
464 442 499 479 p.
518 425 612 466 100.
641 426 830 477 vestigium
858 423 1008 465 habetur
1028 425 1176 464 nullum.
1201 424 1334 464 Verum
1365 439 1435 466 non
1464 431 1598 466 tantum

129 519 173 545 ex
191 505 375 544 Athanasii
402 504 488 542 libro
517 514 676 554 magnam
705 500 934 548 rubricarum,
962 514 1051 552 quae
1079 503 1117 539 in
1145 504 1294 549 utroque
1322 500 1441 540 codice
1469 504 1600 554 pariter

127 579 306 625 habentur,
326 584 454 629 partem
471 561 649 614 deductam
666 587 745 612 esse
759 573 932 621 videmus,
962 588 1082 614 verum
1112 575 1219 613 etiam
1248 586 1294 611 ex
1310 573 1492 619 Theodori
1506 576 1598 625 Syn-

128 660 231 698 tomo,
252 666 339 703 quae
355 651 490 703 quidem
513 663 569 687 res
585 648 742 687 hocloco
756 646 944 700 diligenter
961 655 997 688 et
1026 653 1186 687 accurate
1215 648 1421 704 explicanda
1449 649 1599 690 videtur.

126 726 180 766 Ac
207 725 365 765 videmus
393 724 527 777 quidem
545 723 715 762 Novellae
740 721 806 761 12.
836 723 1007 761 rubricam
1038 722 1084 762 ad
1111 725 1255 762 verbum
1284 723 1490 762 translatam
1519 736 1600 763 esse

127 813 170 839 ex
199 800 381 839 Theodoro
409 812 443 850 p.
472 797 558 844 22„
584 797 754 836 Novellae
787 796 883 837 107.
922 810 966 836 ex
995 797 1185 837 Theodoro
1223 806 1258 850 p.
1290 796 1398 845 103„
1426 796 1599 836 Novellae

128 874 222 914 114.
258 888 301 912 ex
338 872 521 912 Theodoro
559 885 594 923 p.
625 870 733 918 108„
768 871 942 911 Novellae
982 871 1078 912 116.
1116 886 1160 911 ex
1198 873 1386 912 Theodoro
1424 886 1455 924 p.
1489 871 1599 918 111.,

124 945 642 988 Novellael24.exTheodoro
657 960 692 998 p.
711 945 819 993 132„
845 945 1020 986 Novellae
1038 945 1135 986 125.
1149 960 1193 986 ex
1209 947 1398 987 Theodoro
1427 962 1463 999 p.
1489 945 1597 993 134„

123 1022 291 1061 Novellae
320 1019 416 1060 130.
455 1034 499 1059 ex
533 1020 721 1059 Theodoro
757 1034 792 1072 p.
831 1019 947 1068 1:39„
982 1020 1156 1058 Novellae
1196 1020 1291 1060 136.
1331 1034 1376 1060 ex
1405 1020 1595 1059 Theodoro

122 1111 157 1147 p.
178 1094 270 1135 150.
280 1096 449 1135 Novellae
466 1091 558 1134 156.
571 1109 615 1133 ex
630 1094 818 1133 Theodoro
849 1109 882 1146 p.
900 1094 1008 1141 160„
1037 1095 1210 1134 Novellae
1226 1092 1320 1142 158,
1349 1109 1392 1134 ex
1406 1094 1595 1134 Theodoro

121 1185 157 1223 p.
173 1170 267 1211 161.
295 1170 478 1209 Praeterea
506 1171 541 1208 in
564 1167 734 1207 Novellae
755 1166 850 1208 151.
880 1170 1017 1208 rubrica
1046 1182 1091 1207 ex
1120 1171 1272 1222 genuino
1301 1169 1408 1208 huius
1422 1168 1596 1208 Novellae

123 1251 284 1284 contextu
312 1245 428 1295 aliqua
455 1244 588 1283 adiecta
615 1242 776 1282 videmus
806 1257 896 1292 esse,
925 1258 1013 1295 quae
1042 1244 1134 1295 apud
1162 1243 1389 1283 Theodorum
1418 1258 1454 1295 p.
1485 1241 1595 1288 158..

120 1315 211 1358 unde
239 1325 313 1358 tota
339 1319 426 1358 haec
453 1320 588 1357 rubrica
615 1317 744 1357 hausta
773 1324 846 1366 est,
888 1319 992 1370 plane
1021 1332 1091 1358 non
1118 1320 1348 1370 reperiuntur.
1374 1338 1433 1345 ·—-
1491 1316 1595 1360 Quod

123 1400 238 1432 autem
277 1394 398 1432 ultimo
428 1395 503 1432 loco
534 1394 881 1432 commemorabimus
911 1399 1172 1445 argumentum,
1217 1407 1323 1445 quare
1353 1394 1593 1431 collectionem

122 1466 324 1507 CLXVIII.
379 1466 602 1506 Novellarum
632 1466 774 1506 totidem
812 1467 1022 1507 authenticis
1051 1468 1327 1519 exemplaribus,
1364 1480 1452 1519 quae
1482 1480 1503 1504 a
1532 1466 1593 1505 Iu-

120 1544 287 1587 stiniano,
324 1542 467 1593 reliquis
503 1540 660 1593 profecta
689 1545 779 1589 sint,
808 1545 1011 1581 constitisse
1042 1556 1222 1595 negemus,
1260 1556 1304 1581 ex
1332 1541 1391 1580 his
1419 1540 1594 1587 Novellis,

119 1629 205 1667 quae
233 1616 362 1655 Latine
391 1618 541 1668 scriptae
569 1622 671 1664 sunt,
706 1630 917 1668 suspensum
949 1622 1003 1655 est
1033 1617 1179 1665 totum,'
1197 1616 1240 1655 de
1270 1618 1395 1667 quibus
1432 1618 1469 1654 in
1498 1622 1592 1654 utro·

117 1704 183 1741 que
220 1690 336 1729 codice
372 1692 423 1729 ita
451 1696 566 1730 actum
595 1704 674 1729 esse
701 1691 874 1739 videmus,
903 1697 943 1730 ut
970 1691 1078 1738 huic,
1107 1693 1167 1742 qui
1195 1696 1378 1741 utramque
1415 1690 1592 1728 collectio·

115 1777 194 1802 nem
234 1768 446 1815 composuit,
483 1764 684 1804 authentica
719 1767 782 1804 illa
817 1766 1031 1817 exemplaria
1068 1767 1110 1804 ob
1147 1767 1269 1804 oculos
1298 1778 1368 1803 non
1398 1765 1510 1803 fuisse
1538 1765 1593 1803 fa-

119 1838 184 1875 cile
220 1840 285 1876 tibi
326 1837 536 1889 persuadeas
550 1834 597 1890 1).
654 1838 708 1878 Ac
745 1841 902 1878 rubricae
930 1839 1068 1891 quidem
1097 1839 1221 1877 harum
1249 1839 1477 1878 Novellarum
1507 1851 1591 1878 con-

119 1914 342 1950 stitutionum
379 1925 424 1949 ex
460 1911 671 1958 Athanasii,
710 1911 902 1958 Theodori,
946 1913 1092 1949 aliorum
1123 1914 1381 1950 commentariis
1408 1915 1444 1951 in
1473 1919 1590 1951 utros—

118 1998 185 2036 que
215 1984 353 2023 codices
387 1985 579 2024 translatae
618 1998 697 2023 esse
726 1988 961 2035 reperiuntur,
1000 1985 1183 2035 aliquando
1213 1998 1304 2024 unus
1334 1999 1378 2024 ex
1406 1984 1462 2025 his
1491 1986 1590 2025 libris

115 2061 274 2096 rubricas
312 2060 414 2110 plane
450 2061 700 2109 praetermisit,
744 2071 831 2108 quas
869 2064 984 2095 tamen
1021 2059 1108 2095 alter
1146 2072 1189 2096 ex
1225 2059 1410 2097 Theodoro
1448 2063 1588 2099 sumsit.

114 2132 226 2172 Porro
264 2134 322 2171 ubi
359 2132 570 2172 Theodorus
606 2136 798 2185 genuinum
834 2132 1041 2171 Latinarum
1072 2135 1357 2171 constitutionum
1387 2140 1589 2173 contextum

116 2209 181 2245 sibi
204 2221 286 2258 prae
315 2208 476 2246 manibus
505 2189 620 2246 fuisse
648 2210 724 2258 ipse
753 2211 875 2245 auctor
905 2212 971 2255 est,
1002 2210 1039 2245 in
1068 2206 1125 2245 his
1154 2207 1367 2246 collectionis
1384 2208 1588 2249 CLXVIII.

115 2281 343 2321 Novellarum
366 2283 454 2321 locis
475 2283 531 2321 vel
546 2285 685 2333 utrique
702 2281 839 2321 codices
854 2280 920 2320 has
938 2281 1166 2320 Novellarum
1182 2295 1350 2330 summas,
1379 2296 1466 2334 quae
1496 2283 1587 2334 apud

115 2355 349 2395 Athanasium
379 2355 675 2409 Theodorumque
712 2359 948 2408 reperiuntur,
987 2354 1166 2402 exhibent,
1201 2359 1352 2409 genuino
1381 2356 1505 2396 harum
1534 2357 1587 2396 le-

115 2424 197 2482 gum
217 2427 381 2469 contextu
408 2433 511 2483 plane
540 2434 800 2483 praetermisso,
827 2433 884 2469 vel
914 2436 1006 2468 certe
1033 2444 1125 2468 unus
1143 2431 1323 2469 Theodori
1350 2430 1453 2469 habet
1483 2433 1587 2482 epito-

116 2517 209 2551 mas,
246 2518 322 2544 cum
359 2507 395 2545 in
433 2506 541 2546 altero
571 2519 636 2545 nec
665 2518 880 2545 summarum
917 2517 984 2543 nec
1009 2506 1237 2557 genuinorum
1267 2505 1448 2544 verborum
1476 2505 1585 2546 ullum

115 2583 302 2629 reperiatur
330 2593 410 2618 esse
437 2583 638 2633 vestigium.
668 2581 772 2620 Unde
800 2580 905 2618 facile
934 2584 989 2617 est
1018 2579 1121 2628 dictu,
1151 2579 1349 2618 authentica
1377 2580 1583 2620 Latinarum

207 2745 244 2787 1)
271 2747 351 2782 Hoc
373 2748 575 2792 argumenti
607 2760 722 2793 genus
755 2748 827 2782 iam
859 2747 1050 2791 tetigeram
1081 2747 1117 2783 in
1148 2748 1259 2784 libro:
1294 2751 1391 2785 Neue
1412 2752 1583 2787 Immische

117 2802 449 2849 Littemturzcituny.
474 2807 596 2841 Manat
618 2808 695 2841 1αηί
719 2804 837 2850 1842„
859 2816 895 2849 p.
919 2804 1001 2840 556.
