1753 3215
845 156 902 203 14

132 296 315 332 ’tumtun
329 287 389 318 -‘-
424 290 512 329 rtem
540 289 727 328 Novellam
754 285 825 326 62.
851 286 982 325 Latine
1010 266 1320 336 scriptam'fuim
1349 299 1395 326 ex
1418 284 1609 329 Athana-fi

134 371 186 405 tit.
203 364 270 403 22.
299 368 413 402 const.
442 362 482 403 3.
510 378 546 416 p.
577 360 672 402 183.
702 367 735 401 et
762 361 960 400 Florentini
991 360 1121 400 codicis
1149 361 1352 401 testimonio
1378 362 1483 401 facile
1511 360 1607 401 colli-

133 443 237 492 gitur,
266 441 367 477 cuins
396 436 534 490 quidem
561 438 651 491 legis
672 437 893 489 Scrimgerus
917 439 1119 476 contextum
1146 445 1365 473 summamve
1393 448 1464 475 non
1492 433 1608 483 habet,

132 514 238 553 habet
265 518 381 552 autem
409 514 593 559 rubricam,
620 517 691 551 tam
722 525 800 550 cum
816 510 1018 558 Athanasii,
1045 522 1148 561 quam
1172 521 1250 546 cum
1273 506 1456 549 Theodori
1483 523 1519 562 p.
1535 509 1605 551 67.

134 592 408 627 convenientem.
472 588 513 626 In
552 593 714 625 contextu
742 585 938 627 Haloandri
978 583 1066 624 nihil
1094 586 1278 635 quiequam
1309 594 1354 621 ex
1382 582 1450 622 hac
1477 588 1605 624 consti-

133 666 266 702 tutione
284 669 462 714 receptum
491 675 569 701 esse
596 666 772 713 reperitur,
801 664 871 699 nisi
899 659 992 711 quod
1020 663 1134 711 prima
1160 659 1252 711 legis
1279 658 1386 697 verba
1414 670 1603 698 summam-

134 750 200 790 que
227 739 265 776 in
294 736 413 776 codice
441 719 676 790 manuscripto
704 735 741 777 h.
770 749 800 776 e.
829 739 866 775 in
889 733 1079 789 Bolognini
1107 731 1307 787 apographo
1336 732 1450 772 fuisse
1477 735 1515 773 in
1544 747 1604 774 no-

136 817 184 851 tis
220 817 391 864 recogniti
427 815 542 864 operis
579 813 729 862 scripsit.
792 811 833 849 In
861 810 1064 848 Florentino
1100 809 1330 847 Novellarum
1369 806 1487 846 codice
1516 807 1604 846 haec

138 888 397 925 constitutionis
433 888 569 925 rubrica
604 898 805 936 summaque
841 887 955 936 posita
993 890 1065 931 est,
1104 897 1194 935 quae
1229 883 1321 935 apud
1357 880 1603 922 Haloandrum

135 960 291 1000 habetur.
320 980 376 988 -·
433 960 605 999 Novellae
633 958 713 1007 65„
741 973 827 1010 quae
856 959 1050 997 Athanasio
1080 961 1135 997 tit.
1165 958 1204 996 2.
1237 963 1351 997 const.
1380 955 1446 996 10.
1474 971 1511 1009 p.
1531 954 1603 995 41.

136 1034 406 1086 Haloandroque
435 1041 576 1074 auctore
603 1034 733 1074 Latina
761 1035 845 1082 fuit,
886 1034 1104 1087 Scrimgerus
1132 1039 1332 1072 contextum
1360 1045 1604 1083 summamque

135 1124 206 1149 nou
243 1110 367 1155 habet,
403 1109 508 1148 habet
544 1115 659 1148 autem
696 1111 884 1154 rubricam,
922 1113 979 1148 cui
1006 1121 1117 1159 neque
1146 1122 1224 1146 cum
1254 1107 1432 1163 Theodori
1467 1121 1503 1158 p.
1532 1105 1603 1146 69.

136 1198 248 1236 neque
278 1198 355 1223 cum
374 1183 562 1222 Athanasii
592 1187 679 1222 satis
709 1187 879 1222 convenit.
907 1182 1013 1235 Apud
1030 1182 1271 1222 Haloandrum
1302 1195 1355 1229 ea,
1384 1194 1472 1232 quae
1485 1180 1601 1220 Theo-

136 1257 213 1296 dori
241 1263 314 1305 est,
342 1259 478 1296 rubrica
506 1270 711 1309 summaque
746 1258 854 1296 relata
891 1271 970 1296 esse
999 1261 1180 1309 reperitur.
1208 1278 1266 1284 -—
1322 1256 1493 1295 Novellae
1522 1253 1603 1301 75„

136 1345 225 1381 quae
261 1331 383 1369 eodem
411 1331 608 1370 Athanasio
637 1335 691 1369 tit.
719 1330 760 1370 4.
791 1337 902 1370 const.
932 1332 1001 1370 21.
1029 1345 1064 1382 p.
1092 1330 1162 1371 61.
1200 1336 1339 1369 auctore
1365 1330 1495 1368 Latina
1523 1330 1601 1375 suit,

134 1407 289 1458 genuina
322 1405 426 1453 verba
464 1404 554 1456 apud
588 1404 823 1458 Scrimgerum
860 1405 968 1443 relata
1006 1418 1076 1443 non
1111 1410 1213 1452 sunt,
1250 1407 1308 1456 qui
1346 1418 1516 1443 summam
1556 1416 1601 1442 ex

133 1479 323 1518 Theodoro
358 1492 393 1530 p.
434 1479 501 1519 77.
542 1479 707 1526 exhibuit,
745 1481 918 1519 rubricam
956 1485 1088 1527 autem,
1125 1493 1228 1530 quam
1257 1483 1393 1531 posuit,
1428 1492 1492 1518 nec
1521 1493 1599 1518 cum

133 1553 311 1593 Theodori
326 1552 581 1604 Athanasiique
597 1557 869 1602 convenientem,
899 1568 942 1594 ex
957 1558 1077 1607 ignoto
1108 1553 1256 1606 quodam
1287 1555 1381 1593 sonte
1411 1553 1600 1593 deduxisse

129 1627 277 1668 videtur.
334 1626 438 1677 Apud
466 1627 710 1666 Haloandrum
739 1628 827 1667 nihil
855 1630 957 1680 plane
987 1641 1031 1667 ex
1057 1628 1125 1667 hac
1153 1631 1417 1674 constitutione,
1448 1641 1511 1666 nec
1539 1641 1601 1666 ru·

128 1703 223 1740 brica
259 1685 397 1752 quidem
426 1701 536 1739 relata
565 1706 630 1739 est.
661 1720 717 1728 --
792 1700 891 1744 Quae
920 1701 1039 1740 eadem
1070 1707 1124 1740 est
1153 1715 1231 1741 cum
1262 1715 1312 1749 ea,
1342 1715 1444 1753 quam
1474 1703 1597 1741 ultimo

127 1777 203 1814 loco
215 1779 410 1828 posuimus,
438 1774 532 1814 Nov.
550 1773 657 1822 104„
686 1775 791 1814 huius
806 1782 1006 1815 contextum
1036 1781 1158 1815 neuter
1187 1789 1231 1815 ex
1260 1775 1453 1815 editoribus
1482 1776 1598 1824 habet,

129 1852 302 1888 rubricam
330 1854 475 1899 uterque
504 1862 549 1887 ex
576 1848 762 1888 Athanasii
790 1854 844 1889 tit.
861 1849 901 1889 3.
931 1857 1044 1889 const.
1061 1850 1129 1890 21.
1158 1864 1192 1901 p.
1218 1849 1288 1889 61.
1318 1856 1379 1888 aut
1407 1864 1451 1889 ex
1480 1850 1596 1889 Theo-

131 1924 215 1962 doro
234 1936 269 1973 p.
286 1921 379 1961 101.
409 1922 585 1960 derivasse
613 1928 739 1973 potest,
768 1923 988 1974 Scrimgerus
1018 1923 1155 1973 quidem
1185 1919 1356 1961 summam
1384 1938 1453 1963 non
1483 1924 1597 1971 habet,

130 1995 336 2035 Haloander
365 2008 450 2042 eam,
481 2008 569 2047 quae
598 1995 779 2034 Theodori
808 2002 872 2043 est,
901 1995 1008 2035 dedit.
1037 2017 1093 2024 ——
1159 1996 1283 2048 Neque
1311 1997 1482 2037 Novellae
1513 1997 1595 2038 113

131 2077 165 2109 et
180 2069 288 2115 114„
317 2083 402 2120 quas
418 2070 547 2108 Latine
567 2074 714 2120 scriptas
737 2071 852 2108 fuisse
868 2085 912 2108 ex
930 2070 1117 2108 Athanasii
1146 2074 1188 2108 tit
1204 2071 1244 2111 2.
1273 2079 1381 2111 const.
1398 2070 1437 2111 5.
1467 2086 1502 2123 p.
1525 2071 1595 2112 38.

129 2150 164 2182 et
192 2147 246 2182 tit.
275 2143 343 2182 22.
374 2150 484 2184 const.
515 2142 553 2183 6.
583 2157 619 2195 p.
651 2141 746 2182 183.
777 2146 975 2182 testimonio
1006 2147 1093 2182 satis
1123 2149 1271 2191 constat,
1311 2149 1463 2197 genuina
1491 2148 1595 2185 verba

127 2222 165 2256 in
195 2217 327 2258 Veneto
356 2218 604 2255 Florentinove
632 2218 720 2255 libro
749 2216 938 2263 habentur,
967 2220 1003 2255 in
1034 2220 1158 2267 quibus
1187 2219 1343 2255 rubricae
1372 2231 1595 2268 summaeque

128 2289 306 2329 Theodori
332 2304 368 2342 p.
400 2288 495 2329 105.
524 2295 559 2329 et
590 2288 685 2330 108.
716 2291 845 2329 relatae
875 2296 971 2330 sunt.
1028 2289 1085 2329 Ad
1124 2290 1228 2329 huius
1257 2297 1384 2338 tamen,
1414 2306 1514 2343 quam
1544 2293 1595 2331 ul-

126 2367 210 2402 timo
239 2365 316 2403 loco
344 2367 463 2414 posui,
500 2368 762 2403 constitutionis
791 2367 963 2403 rubricam
994 2363 1085 2414 apud
1114 2364 1347 2417 Scrimgerum
1376 2365 1508 2416 aliquid
1536 2365 1595 2404 ad-

125 2441 252 2476 iectum
281 2451 360 2476 esse
389 2441 565 2490 reperitur,
596 2437 688 2490 quod
717 2441 754 2477 in
784 2439 929 2490 reliquis
957 2437 1113 2476 fontibus
1140 2439 1241 2490 plane
1271 2439 1381 2480 deest.
1410 2460 1467 2467 —
1523 2440 1593 2478 De·

125 2515 227 2561 nique
255 2515 292 2549 in
319 2511 472 2550 Novella
501 2511 616 2558 143„
655 2525 758 2563 quam
789 2512 936 2550 eandem
966 2524 1046 2549 esse
1075 2525 1152 2550 cum
1181 2512 1334 2551 Novella
1364 2509 1460 2552 150.
1489 2511 1594 2552 hodie

125 2589 212 2624 satis
241 2591 386 2633 constat,
413 2586 646 2639 Latinamque
674 2588 788 2626 fuisse
819 2586 1035 2626 Athanasius
1064 2590 1117 2627 tit.
1140 2586 1207 2628 11.
1236 2593 1348 2628 const.
1377 2585 1416 2628 5.
1443 2603 1479 2640 p.
1497 2587 1592 2630 141.

124 2664 280 2706 testatur,
306 2662 410 2698 verba
423 2663 577 2712 genuina
591 2665 628 2699 in
643 2667 767 2699 neutro
797 2663 874 2699 loco
903 2662 1112 2707 referuntur,
1139 2664 1240 2699 cuius
1267 2662 1357 2714 legis
1385 2675 1449 2701 nec
1465 2662 1593 2703 Serim-

124 2745 230 2785 gerus
257 2735 425 2772 rubricam
454 2735 563 2773 uliam
592 2748 808 2775 summumve
836 2735 959 2782 habet,
1002 2734 1206 2774 Haloander
1234 2743 1348 2775 autem
1378 2742 1524 2789 utroque
1552 2742 1590 2778 in

124 2807 201 2846 loco
231 2805 403 2854 exhibuit,
437 2822 524 2859 quae
554 2808 645 2861 apud
674 2808 901 2849 Theodorum
934 2824 970 2860 p.
1002 2806 1096 2849 154.
1137 2815 1171 2848 et
1201 2807 1295 2850 158.
1323 2811 1504 2852 habentur.
1532 2834 1589 2841 —-
