1753 3215
169 1017 222 1076 P
223 1039 382 1087 ostquam
412 1038 471 1090 qui
506 1040 719 1089 superiorum
758 1041 950 1089 temporum
987 1038 1116 1077 iniuria
1151 1036 1320 1089 deperditi
1352 1036 1560 1079 videbantur
1631 1094 1633 1096 Ι

91 1127 172 1154 esse
200 1119 354 1157 veterum
383 1120 608 1170 interpretum
639 1116 681 1156 de
709 1117 898 1156 Iustiniani
924 1115 1087 1157 Novellis
1126 1118 1435 1157 constitutionibus
1466 1133 1558 1158 com·

90 1192 262 1237 mentarii,
290 1204 370 1229 rara
398 1191 544 1242 quadam
575 1193 652 1230 aevi
680 1192 792 1230 nostri
821 1191 988 1229 felicitate
1017 1204 1062 1229 ex
1090 1194 1300 1242 sempiterna
1327 1196 1440 1239 nocte,
1470 1205 1559 1244 quae

89 1261 172 1301 huic
199 1263 315 1303 studio
345 1263 461 1303 offusa
488 1263 669 1303 videbatur
697 1276 788 1310 esse,
816 1266 851 1303 in
881 1264 1055 1315 publicum
1084 1263 1297 1317 prodierunt,
1327 1278 1398 1305 non
1427 1265 1559 1315 dubito,

90 1338 173 1387 quin
188 1351 312 1390 operae
332 1339 482 1391 pretium
510 1339 667 1377 facturus
697 1340 755 1386 sit,
785 1340 818 1376 si
846 1340 905 1389 qui
933 1336 1134 1385 ostenderit,
1162 1352 1286 1377 novam
1304 1339 1477 1391 quandam
1506 1342 1559 1379 in·

89 1417 330 1464 speratumque
353 1413 467 1452 lucem
497 1425 542 1452 ex
570 1413 632 1452 tali
660 1417 825 1463 tantoque
853 1414 1072 1463 antiquitatis
1101 1411 1265 1452 thesauro
1293 1412 1462 1453 historiae
1490 1415 1559 1453 col-

87 1484 267 1535 lectionis,
313 1500 401 1539 quae
438 1491 575 1527 centum
614 1488 800 1539 sexaginta
835 1493 914 1527 octo
948 1486 1121 1526 Novellas
1158 1485 1280 1535 habet,
1325 1487 1558 1528 enucleandae

87 1558 279 1601 affulsisse.
344 1561 457 1602 Vetus
494 1567 549 1600 est
585 1565 701 1600 autem
737 1574 800 1612 per
836 1574 1028 1612 manusque
1065 1563 1217 1599 virorum
1255 1559 1434 1601 doctorum
1471 1574 1555 1613 quo-

87 1633 271 1674 dammodo
300 1634 428 1675 tradita
466 1637 602 1687 opinio,
638 1622 893 1674 nobilissimum
922 1633 1010 1673 illud
1043 1636 1291 1681 recentiorum,
1330 1647 1418 1686 quae
1444 1636 1553 1674 Grae·

86 1721 165 1746 cum
200 1708 437 1759 Latinumque
473 1714 671 1747 contextum
700 1707 839 1756 habent,
875 1708 1063 1747 editionum
1100 1706 1375 1757 fundamentum
1405 1709 1549 1749 totidem
1618 1708 1621 1711 “

86 1782 306 1831 authenticis,
335 1795 424 1835 quae
441 1781 578 1835 quidem
602 1783 645 1821 ab
656 1782 863 1830 Iustiniano,
891 1784 969 1821 eius
985 1783 1247 1822 successoribus
1276 1788 1338 1823 aut
1363 1784 1548 1835 praefectis

84 1858 257 1908 praetorio
284 1856 441 1908 profecta
468 1859 550 1904 sint,
578 1856 830 1908 exemplaribus
858 1858 1071 1903 constitisse,
1099 1868 1200 1907 quam
1222 1855 1358 1907 quidem
1374 1858 1548 1899 collectio·

85 1943 164 1969 nem
204 1928 339 1969 Tiberii
373 1929 411 1969 ΙΙ
446 1931 659 1981 temporibus
688 1930 906 1981 compilatam
945 1943 1025 1968 esse
1061 1927 1204 1968 credunt
1222 1925 1271 1982 ¹).
1327 1922 1452 1971 Talem
1483 1947 1548 1985 ego

83 2004 209 2042 librum
238 2005 311 2042 ullo
328 2018 481 2055 unquam
498 1993 655 2055 tempore
673 2008 853 2043 exstitisse
879 2005 1070 2055 praefracte
1097 2017 1200 2057 nego.
1257 2005 1315 2043 Sic
1343 2008 1434 2043 enim
1463 2006 1550 2044 mihi

84 2077 288 2129 persuadeo,
316 2078 408 2126 illas,
437 2091 525 2131 quae
553 2081 590 2117 in
603 2077 739 2125 Veneto
762 2078 1032 2130 Florentinoque
1059 2077 1146 2117 libro
1175 2082 1257 2116 sunt
1277 2077 1547 2119 Iustinianarum

83 2149 310 2192 Novellarum
341 2152 576 2200 collectiones,
613 2155 682 2192 iam
712 2167 782 2193 non
809 2166 872 2205 pro
900 2152 1111 2203 imperfectis
1144 2164 1255 2202 neque
1290 2154 1448 2192 omnibus
1483 2165 1545 2193 nu·

174 2320 215 2366 1)
239 2321 332 2357 Vide
341 2323 512 2358 nummu
528 2322 676 2358 librum:
700 2322 754 2357 die
771 2319 960 2356 aeschichte
976 2320 1036 2354 der
1054 2319 1214 2353 Noveueu
1222 2317 1422 2355 Iustininn's
1439 2319 1544 2364 mse.

82 2375 172 2413 Eius
186 2377 439 2414 auctoritatem
450 2380 565 2415 secuti
583 2382 667 2414 sunt
677 2379 885 2413 Scuwssrrss
907 2374 1391 2427 Romischelieclttsyescbichte
1413 2376 1449 2420 θ.
1461 2377 1548 2412 126.

82 2434 188 2471 b.ed.
205 2435 388 2472 Griindler
398 2447 434 2482 p.
444 2437 561 2482 251.),
576 2437 791 2478 Hanunea
809 2432 1019 2478 (Zeitsehriss
1026 2431 1333 2478 stiryeschicbtln'cbe
1340 2433 1545 2470 Rechtswis—

82 2492 253 2537 semchast
282 2494 544 2539 hernusqeyebm
573 2504 637 2528 mm
666 2493 878 2536 Saviyny3
919 2490 1000 2526 Vol.
1024 2489 1116 2525 VIII.
1146 2499 1183 2533 p.
1205 2486 1305 2528 344.)
1337 2489 1543 2527 Novissime

81 2546 571 2595 ΖΑοιιΑιιιΛκῇΛνεκδότων
588 2551 688 2596 prol.
705 2560 741 2596 p.
753 2547 866 2584 XXX.
889 2547 1062 2592 quaen-itur
1082 2549 1211 2580 tantum
1233 2545 1276 2581 de
1297 2555 1336 2580 ea
1357 2545 1452 2581 illius
1473 2545 1544 2581 col-

82 2600 233 2640 lectionis
253 2608 379 2652 forma,
395 2619 448 2643 ex
462 2618 536 2654 qua
558 2607 639 2641 haec
659 2608 823 2641 recentior
847 2603 903 2647 (id
916 2606 972 2637 est:
994 2601 1109 2648 qualis
1130 2600 1169 2635 in
1191 2601 1296 2636 codd.
1308 2602 1543 2638 Novellarum

83 2659 234 2696 Graecis
249 2662 421 2709 habetur)
447 2669 533 2699 nata
543 2668 607 2707 est,
621 2672 782 2708 quamque
795 2653 945 2695 editores
960 2660 1109 2703 eorporis
1129 2659 1216 2692 iuris
1236 2659 1345 2692 civilis
1365 2661 1544 2696 restituere
1613 2705 1615 2707 v

82 2720 161 2750 sunt
183 2722 304 2754 conati.
337 2722 433 2756 Haec
454 2723 557 2766 iqitwr
575 2720 745 2754 Theodoro
766 2729 829 2762 pro
847 2716 938 2761 fonte
959 2716 1035 2760 suit,
1059 2726 1104 2749 ea·
1126 2725 1188 2760 quo
1209 2716 1424 2751 Breviaritm
1444 2728 1544 2753 suum

82 2772 264 2815 conficeret,
288 2786 354 2810 non
376 2782 486 2812 autem
508 2780 586 2822 ipsa
610 2776 654 2810 ab
675 2777 736 2810 illo
757 2774 894 2808 collecta
916 2777 978 2807 est.
1022 2772 1125 2807 Haec
1147 2772 1275 2806 eadem
1295 2771 1420 2820 opinio
1443 2777 1544 2809 tran-

83 2827 144 2869 siit
165 2829 203 2864 in
226 2830 376 2868 librum:
407 2834 647 2871 Mon-rnna
671 2832 809 2869 histoire
829 2831 875 2865 du
896 2829 984 2865 droit
1006 2828 1179 2874 Byzantia
1211 2827 1334 2873 (Paris
1357 2829 1462 2867 1843.
1484 2830 1539 2877 8.)

80 2898 116 2933 p.
138 2887 196 2923 28.
220 2899 297 2934 seq·
1242 2944 1263 2983 1
