1753 3215
884 205 913 249 7

161 344 255 373 esce.
298 331 436 372 Tiberii
466 332 504 372 11
532 333 745 386 temporibus
762 333 975 379 'lffieodorun
1003 334 1239 378 scholasticus
1268 339 1415 387 exstitit,
1443 336 1638 398 quirin-u·-

157 408 267 454 niaui,
290 405 430 455 latini,
451 406 586 449 Tiberii
608 405 780 450 Novellas
796 410 960 464 colligere
982 418 1016 453 et
1034 413 1393 465 epitomisillustrare
1419 415 1635 455 institueret.

154 483 194 522 Is
222 484 332 520 totam
361 485 661 533 constitutionum,
690 497 779 538 quas
806 486 959 538 undique
987 489 1280 540 conquisivisset,
1316 489 1528 541 farraginem
1564 491 1632 529 sub

156 554 350 596 CLXVIII
377 559 510 607 titulis,
546 573 769 599 numerorum
786 547 789 551 ¹
808 565 1053 612 consequentia
1083 562 1273 609 distinctis,
1303 560 1501 609 distribuit,
1542 576 1631 615 qnos

152 636 277 677 titulos
304 632 452 690 νεαρὰς
487 638 643 684 vocavit;
684 636 786 674 initio
821 637 1099 690 uniuscuiusque
1129 621 1302 689 epitomae
1330 640 1443 690 prima
1473 650 1631 690 quaeque

151 709 324 750 Novellae
336 712 440 749 verba
455 712 531 749 sive
544 708 674 749 Latina
703 714 786 749 sunt
796 707 848 764 1),
876 714 951 750 sive
966 712 1115 759 Graeca,
1145 711 1337 758 adnotavit,
1366 712 1459 763 quod
1487 712 1627 764 quidem

151 799 195 824 ea
222 785 266 825 de
294 799 401 826 causa
428 786 558 824 factum
586 783 736 832 videtur,
764 787 847 835 quia
873 786 1036 838 singulas
1066 799 1221 838 quasque
1247 785 1431 834 Novellas,
1459 786 1627 838 quamdiu

150 854 365 914 σποράδην
377 861 547 904 iacebant,
562 857 606 896 ad
620 857 708 897 haec
734 860 838 897 verba
865 859 1011 898 laudare
1040 860 1219 908 solebant3
1247 860 1434 911 postmodo
1451 861 1624 899 Graecam

149 939 424 989 uniuscuiusque
456 935 701 973 consitutiouis
729 937 903 985 epitomen
931 937 1066 985 posuit,
1110 934 1310 974 distinctam
1349 935 1445 973 illam
1483 935 1622 987 quidem

148 1013 331 1064 capitibus,
357 1013 479 1062 siquae
499 1008 652 1047 Novella
679 1009 738 1046 lex
764 1009 903 1061 longior
930 1016 1037 1055 esset,
1065 1022 1168 1061 quam
1198 1018 1238 1048 ut
1266 1023 1337 1048 nno
1367 1015 1535 1049 contextu
1564 1023 1623 1049 ex-

145 1087 268 1138 plicari
302 1090 444 1138 posset3
485 1085 634 1135 denique
669 1083 772 1131 diem,
810 1083 975 1123 consules
1004 1084 1140 1122 Graece
1176 1084 1367 1124 adnotavit.
1434 1085 1622 1125 Hactenus

144 1172 265 1198 verum
294 1165 367 1206 est,
397 1157 489 1211 quod
518 1156 709 1196 CLXVIII
736 1156 965 1196 Novellarum
992 1159 1230 1197 collectionem
1260 1173 1282 1197 a
1301 1158 1491 1198 Theodoro
1521 1160 1621 1199 scho-

143 1233 268 1273 lastico
297 1235 523 1284 compositam
554 1243 633 1269 esse
650 1224 917 1270 ’Avenodmv'
944 1236 1029 1270 tom.
1045 1233 1077 1272 l.
1100 1245 1134 1283 p.
1153 1232 1238 1272 209
1258 1235 1487 1273 conieceram.
1517 1232 1622 1277 Quod

143 1313 260 1345 tamen
282 1308 407 1345 nonin
434 1306 526 1345 hanc
552 1309 685 1357 partem
714 1304 1009 1356 interpretandum
1038 1310 1105 1354 est,
1135 1308 1235 1358 quasi
1264 1308 1297 1344 is
1325 1309 1477 1360 scriptor
1503 1310 1621 1360 ipsum

143 1383 431 1420 constitutionum
453 1384 653 1419 contextum
682 1380 719 1416 in
748 1378 816 1417 hoc
842 1379 931 1417 libro
961 1379 1197 1428 collocaverit3
1226 1383 1333 1419 immo
1363 1384 1519 1434 genuina
1545 1382 1621 1422 No-

141 1456 309 1494 vellarum
327 1456 443 1501 vei-ha,
472 1466 561 1506 quae
589 1454 820 1505 posteriorum
850 1458 1042 1504 temporum
1073 1454 1138 1493 leti
1166 1450 1214 1494 τὸ
1245 1450 1402 1503 πλάτος
1428 1456 1503 1508 τῆς
1530 1470 1621 1504 veae

141 1529 219 1583 ρᾶς
246 1535 501 1581 nuncuparunt,
528 1528 631 1580 plane
659 1540 729 1565 non
759 1532 1053 1575 commemoravit,
1081 1527 1156 1575 his,
1186 1543 1274 1581 quas
1303 1532 1519 1578 confecerat,
1548 1514 1621 1582 epi-—

140 1605 426 1643 tomislibriase
439 1604 559 1655 scripti
588 1602 738 1640 lectores
767 1608 950 1641 contentos
980 1603 1056 1641 sore
1086 1604 1253 1643 confisus.
1299 1605 1412 1645 Cuius
1439 1608 1490 1644 rei
1519 1609 1616 1645 testi·

138 1682 292 1718 monium
321 1681 409 1718 satis
437 1678 650 1717 luculentum
679 1675 835 1727 'perhibet
862 1675 1017 1714 eiusdem
1048 1671 1228 1728 scriptoris
1257 1677 1300 1716 de
1328 1678 1517 1718 Iustiniani
1546 1678 1613 1718 Co-

137 1752 214 1791 dice
243 1754 524 1797 commentarius,
552 1752 588 1789 in
614 1763 681 1800 quo
699 1748 869 1788 Novellae
898 1751 1164 1788 constitutiones
1194 1763 1443 1802 saepenumero
1473 1752 1519 1791 ad
1547 1767 1609 1792 nu-

136 1838 263 1872 meros,
292 1827 352 1876 qui
379 1827 417 1863 iu
433 1825 601 1869 Syntomo
630 1822 811 1869 habentur,
839 1821 1002 1861 laudatae
1028 1827 1260 1874 reperiuntur.
1290 1825 1451 1864 Fuerunt
1478 1832 1608 1874 tamen,

136 1902 195 1951 qui
225 1902 456 1950 antiquiorem
485 1898 656 1950 quandam
698 1898 955 1944 collectionem,
992 1910 1081 1948 quae
1111 1898 1318 1939 CLXVIII.
1375 1899 1605 1940 Novellarum

222 2124 263 2165 1)
287 2125 327 2156 In
338 2124 548 2168 Zaehariaei
571 2127 690 2157 tamen
715 2124 875 2158 editione
886 2123 1017 2157 Latina
1039 2125 1097 2156 vel
1120 2125 1227 2168 plane
1251 2124 1477 2168 exciderunt,
1503 2127 1604 2160 velut

128 2182 227 2218 Nov.
250 2181 285 2215 9.
310 2193 346 2226 p.
371 2181 444 2225 21³,
466 2180 561 2216 Nov.
583 2180 641 2216 36.
664 2191 699 2224 p.
723 2179 795 2224 50„
819 2180 913 2214 Nov.
937 2180 993 2215 65.
1018 2192 1053 2225 p.
1077 2179 1149 2223 69„
1180 2180 1274 2214 Nov.
1299 2180 1355 2215 75.
1381 2192 1417 2225 p.
1441 2182 1513 2225 77.,
1545 2185 1603 2217 vel

128 2238 167 2273 in
181 2237 360 2273 Graecum
375 2239 548 2272 translata
558 2239 654 2279 sunt,
678 2246 771 2280 quae
784 2235 971 2270 translatio
984 2235 1021 2270 in
1030 2235 1239 2270 Latinorum
1263 2236 1456 2271 verborum
1479 2239 1600 2272 locum

128 2294 279 2329 suffecta
307 2293 451 2328 videtur
481 2304 575 2328 esse.
619 2292 660 2325 Id
690 2291 743 2325 ita
766 2301 848 2325 esse
877 2292 936 2324 vel
959 2302 1006 2324 ex
1029 2301 1142 2335 prava
1163 2292 1356 2325 verborum
1386 2293 1600 2329 Latinorum

125 2350 423 2397 interpretatione
446 2349 625 2384 coniicere
654 2347 752 2382 licet.
799 2346 861 2381 Sic
883 2346 977 2381 Nov.
1001 2346 1058 2382 34.
1090 2360 1126 2394 p.
1148 2347 1207 2382 49.
1231 2359 1277 2383 ex
1299 2348 1419 2383 verbis
1440 2361 1513 2385 rem
1535 2352 1601 2385 du-

124 2419 203 2442 ram
226 2407 316 2442 exiit
337 2406 496 2450 πρᾶγμα
519 2398 790 2446 διπλασιάζων,
825 2403 929 2448 qnasi
953 2403 1126 2448 scriptum
1152 2404 1302 2438 suisset:
1333 2416 1405 2439 rem
1427 2407 1597 2450 duplatis,-

124 2464 220 2500 Nov.
243 2465 301 2500 36.
323 2464 433 2498 verba
455 2464 541 2497 inter
562 2462 653 2496 viros
669 2460 811 2495 Graece
834 2459 885 2495 ita
909 2459 1127 2495 efferuntur:
1158 2457 1296 2505 μεταξὺ
1330 2464 1405 2495 τῶν
1435 2457 1596 2507 ζώντων,

125 2533 197 2567 qno
222 2524 304 2557 loco
326 2520 503 2565 interpres
527 2520 615 2553 inter
636 2519 728 2552 vivos
750 2518 873 2561 legere
896 2516 965 2551 sibi
988 2516 1087 2551 visus
1112 2522 1187 2560 est3
1213 2517 1371 2564 denique
1394 2519 1489 2555 Nov.
1513 2520 1596 2557 111.

122 2588 160 2623 p.
185 2577 265 2614 105.
289 2577 401 2613 verba
421 2576 508 2623 quod
529 2575 769 2610 noedicamentn
791 2573 829 2608 in
853 2583 963 2608 causa
983 2572 1143 2618 suerunt,
1162 2585 1275 2620 quare
1299 2576 1393 2610 male
1416 2575 1597 2622 interpre-

122 2636 281 2669 taretur:
306 2629 414 2667 ἅτινα
446 2628 629 2679 δόγματα.
676 2630 787 2676 Quid,
811 2630 908 2680 quod
941 2629 1173 2666 Florentinus
1204 2631 1441 2667 Noveuarum
1463 2633 1595 2679 codex,

122 2700 212 2735 quas
236 2701 284 2725 ex
307 2690 507 2726 Theodoro
539 2688 659 2723 hausit
693 2687 892 2733 epitomas,
926 2686 963 2720 in
992 2686 1048 2722 his
1072 2687 1202 2722 Latina
1224 2688 1459 2725 Novellarun
1482 2691 1596 2736 verba.

120 2744 299 2781 retinuit?
357 2746 449 2782 Vide
471 2747 660 2782 Novellam
683 2745 743 2781 23.
766 2744 824 2779 ed.
848 2743 1050 2779 Haloandri
1072 2739 1106 2788 p.
1131 2744 1204 2788 51„
1233 2745 1328 2781 Nov.
1353 2746 1400 2781 33
1415 2764 1451 2773 -
1465 2746 1523 2783 37.
1557 2759 1596 2794 p.

121 2803 179 2839 71.
201 2813 292 2849 seq„
313 2804 411 2838 Nov.
433 2803 491 2839 65.
514 2815 551 2849 p.
573 2802 633 2837 99.

211 2860 253 2905 2)
279 2859 371 2896 Vide
393 2861 621 2897 zmirneus
644 2861 669 2895 1.
694 2869 724 2895 c.
748 2870 785 2905 p.
808 2857 968 2895 XXVIII.
