1753 3215
868 237 922 283 31

163 359 308 400 andrum
338 361 468 401 relatae
495 368 593 413 sunt,
629 377 710 418 pars
739 379 804 406 nec
839 380 915 407 cum
945 366 1123 407 Theodori
1154 367 1409 421 Athanasiique
1446 368 1635 414 consentit,

164 449 311 489 cumque
336 440 373 475 et
400 440 435 477 in
452 439 584 479 Veneta
597 440 824 481 Novellarum
856 444 1059 482 collectione
1088 424 1220 489 eodem,
1250 457 1317 493 quo
1347 442 1415 489 hic,
1444 441 1549 481 modo
1578 453 1631 479 re·

162 511 253 550 latae
268 522 347 550 esse
373 498 594 566 reperiantur,
622 518 692 556 iam
722 530 791 557 non
821 531 841 558 a
870 525 990 559 nostro
1020 520 1188 572 scriptore
1217 517 1372 566 effictae,
1402 515 1464 556 sed
1495 529 1539 556 ex
1568 530 1629 556 an·

161 588 367 637 tiquioribus
395 589 493 628 libris
522 591 694 629 tranlatae
722 604 801 631 esse
839 593 1029 634 credendae
1058 598 1152 633 sunt.
1210 592 1293 631 Hoc
1321 591 1493 630 accidisse
1521 593 1627 638 anim,

161 659 399 702 advertimus
388 677 425 703 ιιι
436 663 534 707 Nov:
546 663 627 713 38„
644 664 725 713 41.,
753 663 833 714 44.,
862 663 941 715 51.,
971 664 1051 714 53„
1080 664 1159 714 57„
1189 665 1270 706 66..
1301 664 1380 714 70.,
1410 662 1519 719 (quae
1534 666 1625 719 apud

159 733 399 777 Haloandrum
428 752 608 778 numerum
638 739 707 780 69.
736 739 916 795 praefert),
946 742 1013 781 71.
1044 739 1151 794 (quae
1181 744 1217 779 in
1247 730 1441 779 Haloandri
1469 741 1624 778 editione

158 822 302 851 numero
323 810 390 852 70.
407 815 545 867 signata
568 811 742 867 habetur),
772 814 852 862 72„
880 814 961 864 73„
990 814 1070 863 74„
1101 815 1180 863 77.,
1209 813 1290 863 78.,
1319 812 1401 861 92.,
1429 813 1511 872 93„
1536 812 1621 862 94„

154 882 236 933 95„
261 885 356 935 ι97.,
393 883 500 934 109.,
538 886 644 935 117„
682 888 796 937 119„
827 889 932 938 120„
971 890 1077 938 121„
1109 890 1203 930 123.
1237 888 1482 951 1‘28.,3134.,
1516 888 1621 935 1:35„

157 958 263 1008 141„
294 959 401 1009 146„
432 960 538 1011 147.,
568 959 675 1011 157„
705 960 812 1025 159„
842 962 937 1005 162.
992 965 1122 1005 Verum
1152 978 1221 1003 non
1245 954 1384 1004 'tantum
1414 967 1449 1004 in
1480 964 1536 1003 his
1564 965 1619 1004 lo-

156 1037 220 1084 cis,
249 1037 308 1075 ubi
336 1036 532 1076 Haloandri
558 1039 716 1077 rubricae
745 1052 821 1077 cum
851 1039 1036 1092 Scrimgeri
1065 1042 1158 1077 omni
1186 1052 1232 1077 ex
1260 1045 1357 1091 parte
1385 1041 1618 1085 consentiunt,

154 1111 293 1161 ignotos
323 1110 491 1161 quosdam
519 1112 634 1151 fontes
672 1114 853 1164 utriusque
892 1113 1104 1152 collectionis
1141 1115 1353 1164 compilator-i
1388 1127 1471 1165 prae
1509 1126 1618 1160 manu

154 1184 268 1223 fuisse
296 1187 497 1236 reperimuS,
527 1185 590 1225 sed
619 1189 721 1225 etiam
751 1191 788 1226 in
816 1188 906 1235 illis,
934 1189 971 1226 in
1001 1189 1123 1239 quibus
1150 1192 1316 1239 utraeque
1346 1188 1515 1226 editiones
1553 1188 1615 1226 ali-

154 1259 357 1307 quantulum
377 1258 599 1307 dissentiunt,
628 1265 666 1298 ut
693 1265 810 1299 tamen
836 1261 893 1299 his
920 1271 1028 1299 unum
1058 1261 1269 1311 eundemque
1296 1263 1427 1299 fontem
1457 1275 1520 1313 pro
1538 1262 1614 1299 fun-

153 1329 314 1369 damento
328 1332 441 1370 fuisse
468 1330 573 1372 facile
602 1345 784 1385 agnoscas,
812 1332 902 1384 quod
931 1334 1067 1386 quidem
1096 1334 1222 1373 factum
1252 1348 1331 1373 esse
1358 1337 1548 1386 reperimus
1575 1339 1613 1374 in

151 1404 246 1445 Nov.
261 1402 342 1452 59„
371 1419 475 1457 quam
503 1406 707 1446 Haloander
734 1420 876 1447 numero
905 1404 975 1449 58.
1004 1411 1166 1461 signavit,
1194 1407 1274 1456 74„
1295 1406 1376 1457 92„
1395 1409 1500 1456 112„
1517 1408 1611 1449 132.

102 1484 104 1487 ’
151 1493 296 1532 quarum
325 1482 481 1521 rubricas
510 1495 555 1521 ex
569 1482 747 1522 Theodori
775 1487 834 1522 aut
861 1481 1048 1522 Athanasii
1074 1484 1161 1522 libro
1190 1486 1227 1522 in
1255 1487 1418 1535 utrasque
1446 1484 1612 1544 editiones

151 1556 339 1595 translatas
367 1570 436 1595 non
467 1569 545 1595 esse
574 1559 722 1596 intuenti
750 1559 874 1608 cuique
901 1559 936 1596 in
968 1558 1157 1604 titulorum,
1186 1570 1273 1607 quos
1302 1557 1436 1605 babent,
1463 1556 1608 1611 indicem

152 1630 260 1668 facile
289 1632 473 1669 constabit.
503 1650 559 1659 -
616 1633 795 1685 Sequitur,
817 1636 857 1669 ut
885 1630 1117 1682 dispiciamus,
1145 1632 1268 1681 quibus
1297 1631 1370 1669 fere
1397 1633 1609 1682 temporibus

148 1704 246 1751 haec,
277 1717 364 1754 quae
392 1704 483 1756 apud
510 1705 751 1743 Haloandrum
788 1705 944 1750 refertur,
972 1704 1197 1742 Novellarum
1235 1704 1391 1742 coliectio
1420 1705 1606 1755 compilata

143 1779 207 1815 sit.
236 1776 296 1814 Sic
312 1781 426 1814 autem
454 1776 540 1815 mihi
566 1775 769 1828 persuadeo,
797 1776 865 1814 tale
892 1776 1019 1828 legum-
1038 1789 1174 1827 corpus,
1203 1776 1292 1826 quod
1320 1778 1491 1829 genuinas
1500 1777 1604 1815 Iusti-

145 1852 262 1896 niani,
290 1850 418 1889 Iustini
446 1850 646 1901 Tiberiique
675 1851 938 1888 constitutiones
966 1849 1210 1900 eparchicaque
1238 1849 1377 1888 baberet
1413 1849 1459 1889 ad
1486 1850 1603 1889 Theo·

144 1923 221 1963 dori
249 1925 375 1963 seriem
404 1929 579 1976 congesta,
607 1923 680 1970 his,
709 1925 832 1974 quibus
860 1923 1013 1962 Basilica
1041 1917 1232 1973 composita
1260 1928 1360 1970 sunt,
1389 1925 1602 1975 temporibus

147 1998 325 2049 compilari
351 2011 421 2036 non
443 2001 610 2048 potuisse,
637 2001 710 2035 tum
739 1999 829 2047 quia,
857 2009 943 2048 quae
969 1996 1037 2035 fuit
1064 1996 1296 2035 Basilicarum
1323 1999 1361 2035 in
1389 1996 1456 2036 hac
1483 1999 1599 2049 legum

145 2072 347 2111 collectione
360 2070 524 2109 mutanda
551 2069 893 2120 transformandaque
920 2072 973 2107 vis
1003 2082 1043 2107 ac
1069 2075 1234 2120 potestas,
1260 2073 1489 2120 posteriorum
1516 2077 1599 2109 tem-

143 2158 265 2195 porum
301 2147 462 2194 scriptori
498 2148 637 2195 accepta
672 2142 848 2182 referenda
876 2142 1009 2181 videtur
1037 2154 1134 2188 esse,
1162 2146 1235 2180 tum
1265 2144 1345 2193 quia
1380 2146 1490 2181 nostri
1518 2144 1599 2182 libri

145 2218 358 2269 compilatori
382 2217 518 2257 diversa
544 2216 700 2255 eiusdem
715 2216 883 2256 Novellae
910 2216 1128 2266 exemplaria,
1155 2228 1244 2265 quae
1271 2216 1431 2254 lectionis
1459 2216 1596 2256 firman-

146 2292 209 2331 dae
226 2304 330 2330 causa
345 2293 437 2330 inter
449 2304 488 2330 se
504 2291 693 2337 contulerit,
720 2296 799 2341 prae
814 2291 971 2328 manibus
1000 2289 1111 2327 fuisse
1140 2288 1307 2334 videntur,
1337 2287 1428 2339 quod
1457 2288 1593 2339 quidem

142 2365 374 2405 Basilicorum
402 2365 612 2416 temporibus
640 2362 682 2401 de
716 2364 898 2402 Iustiniani
926 2361 1084 2400 Novellis
1122 2364 1182 2400 vix
1210 2374 1251 2399 ac
1279 2374 1323 2399 ne
1359 2364 1420 2400 vix
1457 2361 1593 2413 quidem

144 2421 274 2481 factum
295 2452 374 2479 esse
386 2443 514 2492 potest.
547 2437 638 2485 Hoc,
667 2436 757 2489 quod
782 2436 903 2475 ultimo
928 2436 1007 2488 loco
1035 2438 1226 2487 posuimus,
1256 2438 1453 2488 argumenti
1480 2449 1594 2487 genus

145 2516 246 2567 quale
274 2518 331 2561 sit,
358 2527 448 2553 nunc
476 2514 669 2552 accuratius
696 2509 933 2563 explicandum
963 2513 1028 2547 est.
1066 2509 1196 2547 Habuit
1225 2510 1315 2548 enim
1344 2513 1463 2548 noster
1478 2512 1591 2562 -scrip-

117 2578 200 2629 'tor
244 2593 312 2630 tria
346 2589 513 2629 Novellae
553 2585 592 2626 8.
637 2586 870 2637 exemplaria,
914 2597 1057 2633 quornm
1103 2584 1248 2621 alterum
1283 2583 1329 2621 ad
1371 2584 1592 2629 Iohannem,

141 2666 369 2714 praesectum
395 2664 593 2714 praetorio,
622 2659 738 2698 datum
767 2659 841 2705 fuit,
871 2657 1013 2695 alterum
1050 2656 1093 2694 ad
1131 2659 1335 2707 episcopos,
1374 2657 1514 2694 tertium
1544 2656 1591 2697 ad

142 2739 237 2777 cives
257 2738 681 2788 constantinopolitanos
695 2733 796 2773 edicti
811 2734 846 2770 in
865 2731 1003 2770 modum
1025 2729 1202 2777 directum,
1231 2743 1275 2767 ex
1297 2731 1421 2780 quibus
1451 2730 1591 2795 quidem

142 2823 230 2862 quae
263 2813 302 2849 in
338 2811 525 2863 exemplari
562 2808 605 2848 ad
640 2809 844 2848 Iohannem
887 2805 964 2844 dato
1000 2802 1178 2851 deessent,
1224 2810 1341 2842 noster
1369 2805 1518 2856 scriptor
1534 2804 1590 2845 *ad

140 2885 243 2924 finem
281 2887 537 2924 constitutionis
585 2883 672 2935 apud
713 2879 948 2920 Haloandrum
982 2892 1016 2929 p.
1057 2877 1122 2916 14.
1159 2883 1193 2916 et
1229 2890 1303 2928 seq.
1348 2878 1511 2918 retulisse
1537 2891 1587 2917 re-
