<?xml version="1.0" encoding="UTF-8"?>
<!DOCTYPE html PUBLIC "-//W3C//DTD XHTML 1.0 Transitional//EN"
    "http://www.w3.org/TR/xhtml1/DTD/xhtml1-transitional.dtd">
<html xmlns="http://www.w3.org/1999/xhtml" xml:lang="en" lang="en">
 <head>
  <title>
</title>
<meta http-equiv="Content-Type" content="text/html;charset=utf-8" />
  <meta name='ocr-system' content='tesseract 3.04.00' />
  <meta name='ocr-capabilities' content='ocr_page ocr_carea ocr_par ocr_line ocrx_word'/>
</head>
<body>
  <div class='ocr_page' id='page_1' title='image "4622885_0023.png"; bbox 0 0 1753 3215; ppageno 0'>
   <div class='ocr_carea' id='block_1_1' title="bbox 855 204 911 249">
    <p class='ocr_par' dir='ltr' id='par_1_1' title="bbox 855 204 911 249">
     <span class='ocr_line' id='line_1_1' title="bbox 855 204 911 249; baseline 0.018 -1"><span class='ocrx_word' id='word_1_1' title='bbox 855 204 911 249; x_wconf 86' lang='lat'><strong>17</strong></span> 
     </span>
    </p>
   </div>
   <div class='ocr_carea' id='block_1_2' title="bbox 756 263 1025 271">
    <p class='ocr_par' dir='ltr' id='par_1_2' title="bbox 756 263 1025 271">
     <span class='ocr_line' id='line_1_2' title="bbox 756 263 1025 271; baseline 0 0"><span class='ocrx_word' id='word_1_2' title='bbox 756 263 1025 271; x_wconf 95' lang='lat' dir='ltr'><strong> </strong></span> 
     </span>
    </p>
   </div>
   <div class='ocr_carea' id='block_1_3' title="bbox 74 329 1669 2459">
    <p class='ocr_par' dir='ltr' id='par_1_3' title="bbox 74 329 1669 2459">
     <span class='ocr_line' id='line_1_3' title="bbox 145 329 1628 389; baseline -0.005 -11"><span class='ocrx_word' id='word_1_3' title='bbox 145 337 223 384; x_wconf 78' lang='lat'><strong>19„</strong></span> <span class='ocrx_word' id='word_1_4' title='bbox 260 336 354 375; x_wconf 89' lang='lat' dir='ltr'><strong>Nov.</strong></span> <span class='ocrx_word' id='word_1_5' title='bbox 392 329 462 372; x_wconf 79' lang='grc'><strong>58.</strong></span> <span class='ocrx_word' id='word_1_6' title='bbox 492 345 568 389; x_wconf 86' lang='lat' dir='ltr'><strong>cum</strong></span> <span class='ocrx_word' id='word_1_7' title='bbox 599 331 730 373; x_wconf 75' lang='lat' dir='ltr'><strong>Athen.</strong></span> <span class='ocrx_word' id='word_1_8' title='bbox 768 336 823 373; x_wconf 84' lang='lat' dir='ltr'><strong>tit.</strong></span> <span class='ocrx_word' id='word_1_9' title='bbox 855 334 893 375; x_wconf 85' lang='lat' dir='ltr'><strong>l.</strong></span> <span class='ocrx_word' id='word_1_10' title='bbox 923 339 1036 375; x_wconf 81' lang='lat' dir='ltr'><strong>const.</strong></span> <span class='ocrx_word' id='word_1_11' title='bbox 1066 333 1107 375; x_wconf 99' lang='lat'><strong>6.</strong></span> <span class='ocrx_word' id='word_1_12' title='bbox 1135 333 1283 387; x_wconf 83' lang='lat' dir='ltr'><strong>p.·17.‚</strong></span> <span class='ocrx_word' id='word_1_13' title='bbox 1317 332 1415 374; x_wconf 77' lang='lat' dir='ltr'><strong>Nov.</strong></span> <span class='ocrx_word' id='word_1_14' title='bbox 1444 330 1529 375; x_wconf 94' lang='grc'><strong>68.</strong></span> <span class='ocrx_word' id='word_1_15' title='bbox 1547 344 1628 372; x_wconf 81' lang='lat' dir='ltr'><strong>cum</strong></span> 
     </span>
     <span class='ocr_line' id='line_1_4' title="bbox 142 400 1626 463; baseline -0.003 -11"><span class='ocrx_word' id='word_1_16' title='bbox 142 413 274 452; x_wconf 85' lang='lat' dir='ltr'><strong>Athan.</strong></span> <span class='ocrx_word' id='word_1_17' title='bbox 303 411 358 448; x_wconf 79' lang='lat' dir='ltr'><strong>tit.</strong></span> <span class='ocrx_word' id='word_1_18' title='bbox 390 406 457 448; x_wconf 86' lang='grc'><strong>10.</strong></span> <span class='ocrx_word' id='word_1_19' title='bbox 486 414 599 448; x_wconf 89' lang='lat' dir='ltr'><strong>const.</strong></span> <span class='ocrx_word' id='word_1_20' title='bbox 626 407 667 448; x_wconf 90' lang='lat'><strong>4.</strong></span> <span class='ocrx_word' id='word_1_21' title='bbox 698 423 733 461; x_wconf 91' lang='lat' dir='ltr'><strong>p.</strong></span> <span class='ocrx_word' id='word_1_22' title='bbox 765 407 871 458; x_wconf 75' lang='lat'>122„</span> <span class='ocrx_word' id='word_1_23' title='bbox 909 412 1034 463; x_wconf 76' lang='lat' dir='ltr'><strong>quibus</strong></span> <span class='ocrx_word' id='word_1_24' title='bbox 1064 409 1203 463; x_wconf 85' lang='lat' dir='ltr'><strong>quidem</strong></span> <span class='ocrx_word' id='word_1_25' title='bbox 1233 400 1278 449; x_wconf 86' lang='lat' dir='ltr'><strong>in¹</strong></span> <span class='ocrx_word' id='word_1_26' title='bbox 1306 410 1397 453; x_wconf 85' lang='lat' dir='ltr'><strong>locis</strong></span> <span class='ocrx_word' id='word_1_27' title='bbox 1425 405 1626 448; x_wconf 84' lang='lat' dir='ltr'><strong>Haloandri</strong></span> 
     </span>
     <span class='ocr_line' id='line_1_5' title="bbox 142 482 1622 535; baseline -0.002 -11"><span class='ocrx_word' id='word_1_28' title='bbox 142 485 248 524; x_wconf 80' lang='lat' dir='ltr'><strong>editio</strong></span> <span class='ocrx_word' id='word_1_29' title='bbox 263 482 488 522; x_wconf 86' lang='lat' dir='ltr'><strong>Novellarum</strong></span> <span class='ocrx_word' id='word_1_30' title='bbox 504 486 661 523; x_wconf 80' lang='lat' dir='ltr'>rubricas</span> <span class='ocrx_word' id='word_1_31' title='bbox 677 483 782 523; x_wconf 85' lang='lat' dir='ltr'><strong>habet</strong></span> <span class='ocrx_word' id='word_1_32' title='bbox 806 488 944 527; x_wconf 90' lang='lat' dir='ltr'><strong>omnino</strong></span> <span class='ocrx_word' id='word_1_33' title='bbox 973 485 1103 525; x_wconf 87' lang='lat' dir='ltr'><strong>nullas.</strong></span> <span class='ocrx_word' id='word_1_34' title='bbox 1136 484 1254 535; x_wconf 80' lang='lat' dir='ltr'><strong>Atque</strong></span> <span class='ocrx_word' id='word_1_35' title='bbox 1283 482 1375 521; x_wconf 88' lang='lat' dir='ltr'><strong>hanc</strong></span> <span class='ocrx_word' id='word_1_36' title='bbox 1401 483 1622 527; x_wconf 83' lang='lat' dir='ltr'><strong>rubricarum</strong></span> 
     </span>
     <span class='ocr_line' id='line_1_6' title="bbox 141 557 1621 611; baseline -0.001 -13"><span class='ocrx_word' id='word_1_37' title='bbox 141 562 311 611; x_wconf 82' lang='lat' dir='ltr'>originem</span> <span class='ocrx_word' id='word_1_38' title='bbox 340 557 495 598; x_wconf 85' lang='lat' dir='ltr'><strong>Novella·</strong></span> <span class='ocrx_word' id='word_1_39' title='bbox 519 558 588 600; x_wconf 86' lang='lat'><strong>81.</strong></span> <span class='ocrx_word' id='word_1_40' title='bbox 632 560 820 599; x_wconf 86' lang='lat' dir='ltr'><strong>manifesto</strong></span> <span class='ocrx_word' id='word_1_41' title='bbox 857 561 1021 611; x_wconf 87' lang='lat' dir='ltr'><strong>loquitur,</strong></span> <span class='ocrx_word' id='word_1_42' title='bbox 1059 573 1127 611; x_wconf 88' lang='lat' dir='ltr'><strong>quo</strong></span> <span class='ocrx_word' id='word_1_43' title='bbox 1159 560 1239 598; x_wconf 84' lang='lat' dir='ltr'><strong>loco</strong></span> <span class='ocrx_word' id='word_1_44' title='bbox 1269 558 1492 611; x_wconf 84' lang='lat' dir='ltr'><strong>Scrimgerus</strong></span> <span class='ocrx_word' id='word_1_45' title='bbox 1530 557 1621 596; x_wconf 79' lang='lat' dir='ltr'><strong>duas</strong></span> 
     </span>
     <span class='ocr_line' id='line_1_7' title="bbox 141 630 1621 685; baseline -0.001 -14"><span class='ocrx_word' id='word_1_46' title='bbox 141 635 400 672; x_wconf 82' lang='lat' dir='ltr'><strong>constitutionis</strong></span> <span class='ocrx_word' id='word_1_47' title='bbox 428 635 583 673; x_wconf 83' lang='lat' dir='ltr'>rubricas</span> <span class='ocrx_word' id='word_1_48' title='bbox 613 634 744 680; x_wconf 90' lang='lat' dir='ltr'><strong>retulit,</strong></span> <span class='ocrx_word' id='word_1_49' title='bbox 773 646 917 685; x_wconf 89' lang='lat' dir='ltr'><strong>quarum</strong></span> <span class='ocrx_word' id='word_1_50' title='bbox 947 646 1019 673; x_wconf 88' lang='lat' dir='ltr'><strong>una</strong></span> <span class='ocrx_word' id='word_1_51' title='bbox 1046 647 1093 673; x_wconf 83' lang='lat' dir='ltr'><strong>ex</strong></span> <span class='ocrx_word' id='word_1_52' title='bbox 1121 632 1376 684; x_wconf 64' lang='lat' dir='ltr'><strong>Theodoroxp.</strong></span> <span class='ocrx_word' id='word_1_53' title='bbox 1407 630 1489 679; x_wconf 73' lang='lat'><strong>79„</strong></span> <span class='ocrx_word' id='word_1_54' title='bbox 1507 631 1621 670; x_wconf 79' lang='lat' dir='ltr'><strong>altera</strong></span> 
     </span>
     <span class='ocr_line' id='line_1_8' title="bbox 140 707 1618 761; baseline 0 -14"><span class='ocrx_word' id='word_1_55' title='bbox 140 723 185 747; x_wconf 82' lang='lat' dir='ltr'><strong>ex</strong></span> <span class='ocrx_word' id='word_1_56' title='bbox 213 707 400 748; x_wconf 80' lang='lat' dir='ltr'><strong>Athanasii</strong></span> <span class='ocrx_word' id='word_1_57' title='bbox 435 711 491 749; x_wconf 88' lang='lat' dir='ltr'><strong>tit.</strong></span> <span class='ocrx_word' id='word_1_58' title='bbox 522 707 589 749; x_wconf 88' lang='grc'><strong>18.</strong></span> <span class='ocrx_word' id='word_1_59' title='bbox 619 714 731 748; x_wconf 86' lang='lat' dir='ltr'><strong>const.</strong></span> <span class='ocrx_word' id='word_1_60' title='bbox 760 708 802 749; x_wconf 86' lang='lat'><strong>3.</strong></span> <span class='ocrx_word' id='word_1_61' title='bbox 842 723 877 761; x_wconf 90' lang='lat' dir='ltr'><strong>p.</strong></span> <span class='ocrx_word' id='word_1_62' title='bbox 918 708 1014 749; x_wconf 81' lang='lat'><strong>164.</strong></span> <span class='ocrx_word' id='word_1_63' title='bbox 1052 709 1214 748; x_wconf 87' lang='lat' dir='ltr'><strong>desumta</strong></span> <span class='ocrx_word' id='word_1_64' title='bbox 1253 713 1320 747; x_wconf 81' lang='lat' dir='ltr'><strong>est.</strong></span> <span class='ocrx_word' id='word_1_65' title='bbox 1349 728 1407 736; x_wconf 81' lang='lat'>—</span> <span class='ocrx_word' id='word_1_66' title='bbox 1463 708 1507 747; x_wconf 94' lang='lat' dir='ltr'><strong>In</strong></span> <span class='ocrx_word' id='word_1_67' title='bbox 1537 721 1618 747; x_wconf 88' lang='lat' dir='ltr'><strong>con-</strong></span> 
     </span>
     <span class='ocr_line' id='line_1_9' title="bbox 140 767 1617 834; baseline 0 -13"><span class='ocrx_word' id='word_1_68' title='bbox 140 783 318 833; x_wconf 86' lang='lat' dir='ltr'><strong>quirendis</strong></span> <span class='ocrx_word' id='word_1_69' title='bbox 347 784 533 822; x_wconf 88' lang='lat' dir='ltr'><strong>Iustiniani</strong></span> <span class='ocrx_word' id='word_1_70' title='bbox 563 785 868 823; x_wconf 82' lang='lat' dir='ltr'><strong>constitutionibus</strong></span> <span class='ocrx_word' id='word_1_71' title='bbox 902 794 974 823; x_wconf 89' lang='lat' dir='ltr'><strong>non</strong></span> <span class='ocrx_word' id='word_1_72' title='bbox 1012 783 1150 829; x_wconf 87' lang='lat' dir='ltr'><strong>dubito,</strong></span> <span class='ocrx_word' id='word_1_73' title='bbox 1187 786 1270 834; x_wconf 89' lang='lat' dir='ltr'><strong>quin</strong></span> <span class='ocrx_word' id='word_1_74' title='bbox 1307 785 1420 821; x_wconf 80' lang='lat' dir='ltr'><strong>nostri</strong></span> <span class='ocrx_word' id='word_1_75' title='bbox 1462 767 1617 833; x_wconf 76' lang='lat' dir='ltr'><strong>corporis</strong></span> 
     </span>
     <span class='ocr_line' id='line_1_10' title="bbox 138 847 1614 910; baseline 0 -15"><span class='ocrx_word' id='word_1_76' title='bbox 138 861 286 909; x_wconf 84' lang='lat' dir='ltr'><strong>scriptor</strong></span> <span class='ocrx_word' id='word_1_77' title='bbox 313 862 349 896; x_wconf 92' lang='lat' dir='ltr'><strong>in</strong></span> <span class='ocrx_word' id='word_1_78' title='bbox 379 858 512 909; x_wconf 82' lang='lat' dir='ltr'><strong>aliquot</strong></span> <span class='ocrx_word' id='word_1_79' title='bbox 540 859 753 910; x_wconf 81' lang='lat' dir='ltr'><strong>exemplaria</strong></span> <span class='ocrx_word' id='word_1_80' title='bbox 779 857 958 904; x_wconf 89' lang='lat' dir='ltr'><strong>inciderit,</strong></span> <span class='ocrx_word' id='word_1_81' title='bbox 988 870 1077 909; x_wconf 86' lang='lat' dir='ltr'><strong>quae</strong></span> <span class='ocrx_word' id='word_1_82' title='bbox 1106 870 1210 895; x_wconf 90' lang='lat' dir='ltr'><strong>unam</strong></span> <span class='ocrx_word' id='word_1_83' title='bbox 1241 847 1455 907; x_wconf 80' lang='lat' dir='ltr'><strong>eandemque</strong></span> <span class='ocrx_word' id='word_1_84' title='bbox 1483 856 1614 895; x_wconf 87' lang='lat' dir='ltr'><strong>Novel-</strong></span> 
     </span>
     <span class='ocr_line' id='line_1_11' title="bbox 135 929 1612 984; baseline -0.001 -13"><span class='ocrx_word' id='word_1_85' title='bbox 135 933 219 979; x_wconf 88' lang='lat' dir='ltr'><strong>lam,</strong></span> <span class='ocrx_word' id='word_1_86' title='bbox 242 933 305 971; x_wconf 86' lang='lat' dir='ltr'><strong>sed</strong></span> <span class='ocrx_word' id='word_1_87' title='bbox 333 932 377 970; x_wconf 90' lang='lat' dir='ltr'><strong>ad</strong></span> <span class='ocrx_word' id='word_1_88' title='bbox 406 932 565 971; x_wconf 85' lang='lat' dir='ltr'><strong>diversos</strong></span> <span class='ocrx_word' id='word_1_89' title='bbox 593 936 821 984; x_wconf 81' lang='lat' dir='ltr'><strong>magistratus</strong></span> <span class='ocrx_word' id='word_1_90' title='bbox 848 931 1018 970; x_wconf 87' lang='lat' dir='ltr'><strong>directam·</strong></span> <span class='ocrx_word' id='word_1_91' title='bbox 1042 932 1221 970; x_wconf 88' lang='lat' dir='ltr'><strong>haberent.</strong></span> <span class='ocrx_word' id='word_1_92' title='bbox 1258 931 1319 969; x_wconf 92' lang='lat' dir='ltr'><strong>Sic</strong></span> <span class='ocrx_word' id='word_1_93' title='bbox 1332 931 1486 970; x_wconf 81' lang='lat' dir='ltr'><strong>Novella</strong></span> <span class='ocrx_word' id='word_1_94' title='bbox 1516 929 1612 972; x_wconf 81' lang='lat'><strong>145.</strong></span> 
     </span>
     <span class='ocr_line' id='line_1_12' title="bbox 137 1004 1613 1057; baseline -0.001 -13"><span class='ocrx_word' id='word_1_95' title='bbox 137 1005 229 1057; x_wconf 89' lang='lat' dir='ltr'><strong>apud</strong></span> <span class='ocrx_word' id='word_1_96' title='bbox 258 1005 490 1057; x_wconf 85' lang='lat' dir='ltr'><strong>Scrimgerum</strong></span> <span class='ocrx_word' id='word_1_97' title='bbox 524 1019 559 1057; x_wconf 89' lang='lat' dir='ltr'><strong>p.</strong></span> <span class='ocrx_word' id='word_1_98' title='bbox 590 1004 685 1045; x_wconf 85' lang='lat'><strong>370.</strong></span> <span class='ocrx_word' id='word_1_99' title='bbox 724 1006 769 1044; x_wconf 90' lang='lat' dir='ltr'><strong>ad</strong></span> <span class='ocrx_word' id='word_1_100' title='bbox 795 1004 1034 1044; x_wconf 85' lang='lat' dir='ltr'><strong>Areobindum</strong></span> <span class='ocrx_word' id='word_1_101' title='bbox 1069 1005 1282 1056; x_wconf 88' lang='lat' dir='ltr'><strong>praefectum</strong></span> <span class='ocrx_word' id='word_1_102' title='bbox 1316 1008 1492 1056; x_wconf 82' lang='lat' dir='ltr'><strong>praetorio</strong></span> <span class='ocrx_word' id='word_1_103' title='bbox 1530 1004 1613 1043; x_wconf 89' lang='lat' dir='ltr'><strong>data</strong></span> 
     </span>
     <span class='ocr_line' id='line_1_13' title="bbox 135 1078 1610 1131; baseline 0 -14"><span class='ocrx_word' id='word_1_104' title='bbox 135 1092 215 1117; x_wconf 87' lang='lat' dir='ltr'><strong>esse</strong></span> <span class='ocrx_word' id='word_1_105' title='bbox 232 1079 375 1127; x_wconf 86' lang='lat' dir='ltr'><strong>dicitur;</strong></span> <span class='ocrx_word' id='word_1_106' title='bbox 403 1086 581 1130; x_wconf 83' lang='lat' dir='ltr'><strong>praeterea</strong></span> <span class='ocrx_word' id='word_1_107' title='bbox 596 1082 632 1118; x_wconf 91' lang='lat' dir='ltr'><strong>in</strong></span> <span class='ocrx_word' id='word_1_108' title='bbox 647 1080 781 1119; x_wconf 87' lang='lat' dir='ltr'><strong>Veneto</strong></span> <span class='ocrx_word' id='word_1_109' title='bbox 797 1080 885 1118; x_wconf 90' lang='lat' dir='ltr'><strong>libro</strong></span> <span class='ocrx_word' id='word_1_110' title='bbox 901 1079 1009 1117; x_wconf 85' lang='lat' dir='ltr'><strong>huius</strong></span> <span class='ocrx_word' id='word_1_111' title='bbox 1028 1082 1289 1117; x_wconf 82' lang='lat' dir='ltr'><strong>constitutionis</strong></span> <span class='ocrx_word' id='word_1_112' title='bbox 1313 1078 1410 1118; x_wconf 88' lang='lat' dir='ltr'><strong>aliud</strong></span> <span class='ocrx_word' id='word_1_113' title='bbox 1430 1080 1610 1131; x_wconf 84' lang='lat' dir='ltr'><strong>exemplar</strong></span> 
     </span>
     <span class='ocr_line' id='line_1_14' title="bbox 136 1149 1608 1206; baseline 0.001 -15"><span class='ocrx_word' id='word_1_114' title='bbox 136 1154 287 1192; x_wconf 85' lang='lat' dir='ltr'><strong>refertur</strong></span> <span class='ocrx_word' id='word_1_115' title='bbox 305 1149 350 1206; x_wconf 85' lang='lat'><strong>¹),</strong></span> <span class='ocrx_word' id='word_1_116' title='bbox 379 1151 471 1204; x_wconf 82' lang='lat' dir='ltr'><strong>quod</strong></span> <span class='ocrx_word' id='word_1_117' title='bbox 500 1153 606 1192; x_wconf 89' lang='lat' dir='ltr'><strong>alium</strong></span> <span class='ocrx_word' id='word_1_118' title='bbox 637 1153 812 1206; x_wconf 82' lang='lat' dir='ltr'><strong>epilogum</strong></span> <span class='ocrx_word' id='word_1_119' title='bbox 840 1151 962 1200; x_wconf 88' lang='lat' dir='ltr'><strong>habet,</strong></span> <span class='ocrx_word' id='word_1_120' title='bbox 999 1153 1136 1204; x_wconf 87' lang='lat' dir='ltr'><strong>alioque</strong></span> <span class='ocrx_word' id='word_1_121' title='bbox 1166 1151 1221 1191; x_wconf 92' lang='lat' dir='ltr'><strong>die</strong></span> <span class='ocrx_word' id='word_1_122' title='bbox 1250 1154 1418 1204; x_wconf 87' lang='lat' dir='ltr'><strong>scriptum</strong></span> <span class='ocrx_word' id='word_1_123' title='bbox 1448 1165 1529 1192; x_wconf 88' lang='lat' dir='ltr'><strong>esse</strong></span> <span class='ocrx_word' id='word_1_124' title='bbox 1558 1153 1608 1193; x_wconf 88' lang='lat' dir='ltr'><strong>di-</strong></span> 
     </span>
     <span class='ocr_line' id='line_1_15' title="bbox 135 1227 1608 1281; baseline 0.001 -17"><span class='ocrx_word' id='word_1_125' title='bbox 135 1230 234 1272; x_wconf 87' lang='lat' dir='ltr'><strong>citur,</strong></span> <span class='ocrx_word' id='word_1_126' title='bbox 262 1227 344 1263; x_wconf 88' lang='lat' dir='ltr'><strong>licet</strong></span> <span class='ocrx_word' id='word_1_127' title='bbox 359 1230 396 1264; x_wconf 90' lang='lat' dir='ltr'><strong>in</strong></span> <span class='ocrx_word' id='word_1_128' title='bbox 414 1227 478 1264; x_wconf 88' lang='lat' dir='ltr'><strong>tali</strong></span> <span class='ocrx_word' id='word_1_129' title='bbox 493 1232 656 1281; x_wconf 84' lang='lat' dir='ltr'><strong>tantaque</strong></span> <span class='ocrx_word' id='word_1_130' title='bbox 673 1230 858 1265; x_wconf 86' lang='lat' dir='ltr'><strong>anterioris</strong></span> <span class='ocrx_word' id='word_1_131' title='bbox 878 1230 989 1277; x_wconf 88' lang='lat' dir='ltr'><strong>partis</strong></span> <span class='ocrx_word' id='word_1_132' title='bbox 1004 1227 1141 1272; x_wconf 88' lang='lat' dir='ltr'><strong>lacuna,</strong></span> <span class='ocrx_word' id='word_1_133' title='bbox 1171 1227 1215 1265; x_wconf 89' lang='lat' dir='ltr'><strong>ad</strong></span> <span class='ocrx_word' id='word_1_134' title='bbox 1233 1240 1335 1277; x_wconf 90' lang='lat' dir='ltr'><strong>quem</strong></span> <span class='ocrx_word' id='word_1_135' title='bbox 1363 1231 1608 1279; x_wconf 86' lang='lat' dir='ltr'><strong>magistratum</strong></span> 
     </span>
     <span class='ocr_line' id='line_1_16' title="bbox 135 1286 1609 1353; baseline 0.003 -17"><span class='ocrx_word' id='word_1_136' title='bbox 135 1298 301 1337; x_wconf 90' lang='lat' dir='ltr'><strong>directum</strong></span> <span class='ocrx_word' id='word_1_137' title='bbox 334 1302 391 1345; x_wconf 90' lang='lat' dir='ltr'><strong>sit,</strong></span> <span class='ocrx_word' id='word_1_138' title='bbox 420 1302 631 1338; x_wconf 81' lang='lat' dir='ltr'><strong>nesciamus.</strong></span> <span class='ocrx_word' id='word_1_139' title='bbox 674 1299 779 1346; x_wconf 75' lang='lat' dir='ltr'><strong>Quid,</strong></span> <span class='ocrx_word' id='word_1_140' title='bbox 807 1300 900 1350; x_wconf 84' lang='lat' dir='ltr'><strong>quod</strong></span> <span class='ocrx_word' id='word_1_141' title='bbox 929 1286 1145 1338; x_wconf 80' lang='lat' dir='ltr'><strong>collectionis</strong></span> <span class='ocrx_word' id='word_1_142' title='bbox 1173 1304 1321 1351; x_wconf 80' lang='lat' dir='ltr'><strong>scriptor</strong></span> <span class='ocrx_word' id='word_1_143' title='bbox 1348 1314 1394 1339; x_wconf 82' lang='lat' dir='ltr'><strong>ex</strong></span> <span class='ocrx_word' id='word_1_144' title='bbox 1420 1301 1490 1349; x_wconf 81' lang='lat' dir='ltr'><strong>his,</strong></span> <span class='ocrx_word' id='word_1_145' title='bbox 1519 1315 1609 1353; x_wconf 84' lang='lat' dir='ltr'><strong>quae</strong></span> 
     </span>
     <span class='ocr_line' id='line_1_17' title="bbox 132 1370 1604 1427; baseline 0.003 -17"><span class='ocrx_word' id='word_1_146' title='bbox 132 1385 215 1424; x_wconf 87' lang='lat' dir='ltr'><strong>prae</strong></span> <span class='ocrx_word' id='word_1_147' title='bbox 245 1373 405 1410; x_wconf 89' lang='lat' dir='ltr'><strong>manibus</strong></span> <span class='ocrx_word' id='word_1_148' title='bbox 427 1370 596 1419; x_wconf 73' lang='lat' dir='ltr'><strong>haberet,</strong></span> <span class='ocrx_word' id='word_1_149' title='bbox 632 1371 789 1411; x_wconf 88' lang='lat' dir='ltr'><strong>eiusdem</strong></span> <span class='ocrx_word' id='word_1_150' title='bbox 817 1373 910 1425; x_wconf 85' lang='lat' dir='ltr'><strong>legis</strong></span> <span class='ocrx_word' id='word_1_151' title='bbox 939 1373 1196 1424; x_wconf 82' lang='lat' dir='ltr'><strong>exemplaribus</strong></span> <span class='ocrx_word' id='word_1_152' title='bbox 1225 1373 1271 1412; x_wconf 87' lang='lat' dir='ltr'><strong>ad</strong></span> <span class='ocrx_word' id='word_1_153' title='bbox 1298 1374 1403 1412; x_wconf 87' lang='lat' dir='ltr'><strong>finem</strong></span> <span class='ocrx_word' id='word_1_154' title='bbox 1435 1379 1604 1427; x_wconf 87' lang='lat' dir='ltr'><strong>cuiusque</strong></span> 
     </span>
     <span class='ocr_line' id='line_1_18' title="bbox 134 1440 1606 1500; baseline 0.002 -16"><span class='ocrx_word' id='word_1_155' title='bbox 134 1448 394 1485; x_wconf 78' lang='lat' dir='ltr'><strong>constitutionis</strong></span> <span class='ocrx_word' id='word_1_156' title='bbox 432 1445 627 1493; x_wconf 80' lang='lat' dir='ltr'><strong>adnotavit,</strong></span> <span class='ocrx_word' id='word_1_157' title='bbox 665 1448 790 1497; x_wconf 89' lang='lat' dir='ltr'><strong>quibus</strong></span> <span class='ocrx_word' id='word_1_158' title='bbox 820 1448 1084 1498; x_wconf 86' lang='lat' dir='ltr'><strong>magistratibus</strong></span> <span class='ocrx_word' id='word_1_159' title='bbox 1112 1440 1290 1486; x_wconf 79' lang='grc' dir='ltr'><strong><em>ἶσότυπα</em></strong></span> <span class='ocrx_word' id='word_1_160' title='bbox 1319 1450 1450 1500; x_wconf 86' lang='lat' dir='ltr'><strong>scripta</strong></span> <span class='ocrx_word' id='word_1_161' title='bbox 1476 1454 1606 1495; x_wconf 87' lang='lat' dir='ltr'><strong>essent,</strong></span> 
     </span>
     <span class='ocr_line' id='line_1_19' title="bbox 133 1519 1669 1575; baseline 0.003 -17"><span class='ocrx_word' id='word_1_162' title='bbox 133 1521 248 1571; x_wconf 88' lang='lat' dir='ltr'><strong>ibique</strong></span> <span class='ocrx_word' id='word_1_163' title='bbox 278 1523 450 1572; x_wconf 87' lang='lat' dir='ltr'><strong>apposuit,</strong></span> <span class='ocrx_word' id='word_1_164' title='bbox 478 1519 593 1571; x_wconf 82' lang='lat' dir='ltr'><strong>siquid</strong></span> <span class='ocrx_word' id='word_1_165' title='bbox 621 1520 733 1572; x_wconf 90' lang='lat' dir='ltr'><strong>pluris</strong></span> <span class='ocrx_word' id='word_1_166' title='bbox 770 1522 808 1558; x_wconf 88' lang='lat' dir='ltr'><strong>in</strong></span> <span class='ocrx_word' id='word_1_167' title='bbox 844 1534 915 1560; x_wconf 92' lang='lat' dir='ltr'><strong>uno</strong></span> <span class='ocrx_word' id='word_1_168' title='bbox 945 1521 1098 1560; x_wconf 87' lang='lat' dir='ltr'><strong>alterove</strong></span> <span class='ocrx_word' id='word_1_169' title='bbox 1127 1524 1388 1561; x_wconf 89' lang='lat' dir='ltr'><strong>constitutionis</strong></span> <span class='ocrx_word' id='word_1_170' title='bbox 1417 1523 1606 1575; x_wconf 79' lang='lat' dir='ltr'><strong>exemplari</strong></span> <span class='ocrx_word' id='word_1_171' title='bbox 1664 1542 1669 1549; x_wconf 84' lang='lat'>=</span> 
     </span>
     <span class='ocr_line' id='line_1_20' title="bbox 131 1593 1602 1648; baseline 0.003 -16"><span class='ocrx_word' id='word_1_172' title='bbox 131 1594 329 1634; x_wconf 86' lang='lat' dir='ltr'><strong>haberetur.</strong></span> <span class='ocrx_word' id='word_1_173' title='bbox 367 1595 427 1633; x_wconf 87' lang='lat' dir='ltr'><strong>Sic</strong></span> <span class='ocrx_word' id='word_1_174' title='bbox 452 1594 495 1633; x_wconf 88' lang='lat' dir='ltr'><strong>ad</strong></span> <span class='ocrx_word' id='word_1_175' title='bbox 510 1595 681 1633; x_wconf 84' lang='lat' dir='ltr'><strong>Novellae</strong></span> <span class='ocrx_word' id='word_1_176' title='bbox 703 1593 757 1641; x_wconf 89' lang='lat'><strong>6.,</strong></span> <span class='ocrx_word' id='word_1_177' title='bbox 784 1607 872 1645; x_wconf 88' lang='lat' dir='ltr'><strong>quae</strong></span> <span class='ocrx_word' id='word_1_178' title='bbox 900 1595 944 1633; x_wconf 91' lang='lat' dir='ltr'><strong>ad</strong></span> <span class='ocrx_word' id='word_1_179' title='bbox 973 1594 1057 1646; x_wconf 88' lang='lat' dir='ltr'><strong>Epi</strong></span> <span class='ocrx_word' id='word_1_180' title='bbox 1064 1594 1275 1645; x_wconf 88' lang='lat' dir='ltr'><strong>phanium</strong></span> <span class='ocrx_word' id='word_1_181' title='bbox 1297 1595 1602 1648; x_wconf 64' lang='lat' dir='ltr'><strong>&gt;archiepiscopum</strong></span> 
     </span>
     <span class='ocr_line' id='line_1_21' title="bbox 74 1660 1601 1725; baseline 0.001 -17"><span class='ocrx_word' id='word_1_182' title='bbox 74 1660 76 1663; x_wconf 39' lang='grc'>’</span> <span class='ocrx_word' id='word_1_183' title='bbox 131 1668 537 1720; x_wconf 87' lang='lat' dir='ltr'><strong>Constantinopolitanae</strong></span> <span class='ocrx_word' id='word_1_184' title='bbox 565 1671 717 1708; x_wconf 86' lang='lat' dir='ltr'><strong>civitatis</strong></span> <span class='ocrx_word' id='word_1_185' title='bbox 746 1667 827 1707; x_wconf 88' lang='lat' dir='ltr'><strong>data</strong></span> <span class='ocrx_word' id='word_1_186' title='bbox 855 1666 920 1715; x_wconf 82' lang='lat' dir='ltr'><strong>est,</strong></span> <span class='ocrx_word' id='word_1_187' title='bbox 948 1669 1054 1707; x_wconf 88' lang='lat' dir='ltr'><strong>finem</strong></span> <span class='ocrx_word' id='word_1_188' title='bbox 1066 1664 1101 1721; x_wconf 81' lang='lat'><strong>²)</strong></span> <span class='ocrx_word' id='word_1_189' title='bbox 1141 1664 1338 1717; x_wconf 83' lang='lat' dir='ltr'><strong>adnotavit,</strong></span> <span class='ocrx_word' id='word_1_190' title='bbox 1376 1670 1482 1709; x_wconf 90' lang='lat' dir='ltr'><strong>huius</strong></span> <span class='ocrx_word' id='word_1_191' title='bbox 1509 1672 1601 1725; x_wconf 82' lang='lat' dir='ltr'><strong>legis</strong></span> 
     </span>
     <span class='ocr_line' id='line_1_22' title="bbox 130 1740 1600 1796; baseline 0.004 -18"><span class='ocrx_word' id='word_1_192' title='bbox 130 1743 340 1791; x_wconf 83' lang='lat' dir='ltr'><strong>exemplaria</strong></span> <span class='ocrx_word' id='word_1_193' title='bbox 368 1741 412 1778; x_wconf 90' lang='lat' dir='ltr'><strong>ad</strong></span> <span class='ocrx_word' id='word_1_194' title='bbox 440 1742 732 1791; x_wconf 85' lang='lat' dir='ltr'><strong>archiepiscopum</strong></span> <span class='ocrx_word' id='word_1_195' title='bbox 746 1740 991 1787; x_wconf 79' lang='lat' dir='ltr'><strong>Alexandriae,</strong></span> <span class='ocrx_word' id='word_1_196' title='bbox 1019 1741 1063 1779; x_wconf 89' lang='lat' dir='ltr'><strong>ad</strong></span> <span class='ocrx_word' id='word_1_197' title='bbox 1092 1741 1403 1791; x_wconf 88' lang='lat' dir='ltr'><strong>Aiphremium</strong></span> <span class='ocrx_word' id='word_1_198' title='bbox 1433 1744 1600 1796; x_wconf 85' lang='lat' dir='ltr'><strong>archiepi-</strong></span> 
     </span>
     <span class='ocr_line' id='line_1_23' title="bbox 129 1805 1600 1867; baseline 0.004 -14"><span class='ocrx_word' id='word_1_199' title='bbox 129 1827 272 1866; x_wconf 90' lang='lat' dir='ltr'><strong>scopum</strong></span> <span class='ocrx_word' id='word_1_200' title='bbox 302 1814 540 1866; x_wconf 88' lang='lat' dir='ltr'><strong>Theopoleos,</strong></span> <span class='ocrx_word' id='word_1_201' title='bbox 570 1813 613 1852; x_wconf 92' lang='lat' dir='ltr'><strong>ad</strong></span> <span class='ocrx_word' id='word_1_202' title='bbox 642 1813 823 1853; x_wconf 89' lang='lat' dir='ltr'><strong>Petrum</strong></span> <span class='ocrx_word' id='word_1_203' title='bbox 854 1805 1149 1867; x_wconf 84' lang='lat' dir='ltr'><strong>archiepiscopum</strong></span> <span class='ocrx_word' id='word_1_204' title='bbox 1178 1815 1525 1866; x_wconf 87' lang='lat' dir='ltr'><strong>Hierosolymorum,</strong></span> <span class='ocrx_word' id='word_1_205' title='bbox 1553 1819 1600 1859; x_wconf 90' lang='lat' dir='ltr'><strong>ad</strong></span> 
     </span>
     <span class='ocr_line' id='line_1_24' title="bbox 128 1888 1600 1942; baseline 0.003 -15"><span class='ocrx_word' id='word_1_206' title='bbox 128 1889 152 1926; x_wconf 88' lang='lat' dir='ltr'><strong>J</strong></span> <span class='ocrx_word' id='word_1_207' title='bbox 162 1888 377 1927; x_wconf 88' lang='lat' dir='ltr'><strong>ohannem</strong></span> <span class='ocrx_word' id='word_1_208' title='bbox 413 1890 624 1939; x_wconf 87' lang='lat' dir='ltr'><strong>praefectum</strong></span> <span class='ocrx_word' id='word_1_209' title='bbox 665 1890 839 1939; x_wconf 88' lang='lat' dir='ltr'><strong>praetorio</strong></span> <span class='ocrx_word' id='word_1_210' title='bbox 881 1895 915 1927; x_wconf 88' lang='lat' dir='ltr'><strong>et</strong></span> <span class='ocrx_word' id='word_1_211' title='bbox 952 1888 996 1927; x_wconf 90' lang='lat' dir='ltr'><strong>ad</strong></span> <span class='ocrx_word' id='word_1_212' title='bbox 1024 1889 1088 1928; x_wconf 92' lang='lat' dir='ltr'><strong>Do</strong></span> <span class='ocrx_word' id='word_1_213' title='bbox 1102 1893 1314 1937; x_wconf 89' lang='lat' dir='ltr'><strong>mninum,</strong></span> <span class='ocrx_word' id='word_1_214' title='bbox 1356 1895 1417 1942; x_wconf 92' lang='lat' dir='ltr'><strong>qui</strong></span> <span class='ocrx_word' id='word_1_215' title='bbox 1453 1892 1600 1932; x_wconf 82' lang='lat' dir='ltr'><strong>eandem</strong></span> 
     </span>
     <span class='ocr_line' id='line_1_25' title="bbox 129 1961 1599 2014; baseline 0.004 -14"><span class='ocrx_word' id='word_1_216' title='bbox 129 1961 331 2014; x_wconf 87' lang='lat' dir='ltr'><strong>dignitatem</strong></span> <span class='ocrx_word' id='word_1_217' title='bbox 359 1976 421 2014; x_wconf 89' lang='lat' dir='ltr'><strong>per</strong></span> <span class='ocrx_word' id='word_1_218' title='bbox 447 1963 624 2009; x_wconf 79' lang='lat' dir='ltr'><strong>Illyricum</strong></span> <span class='ocrx_word' id='word_1_219' title='bbox 655 1964 860 2008; x_wconf 86' lang='lat' dir='ltr'><strong>sustinebat,</strong></span> <span class='ocrx_word' id='word_1_220' title='bbox 889 1966 1020 2001; x_wconf 85' lang='lat' dir='ltr'><strong>emissa</strong></span> <span class='ocrx_word' id='word_1_221' title='bbox 1048 1976 1141 2002; x_wconf 87' lang='lat' dir='ltr'><strong>esse.</strong></span> <span class='ocrx_word' id='word_1_222' title='bbox 1168 1985 1227 1992; x_wconf 83' lang='lat'><strong>-—</strong></span> <span class='ocrx_word' id='word_1_223' title='bbox 1282 1964 1396 2003; x_wconf 90' lang='lat' dir='ltr'><strong>Porro</strong></span> <span class='ocrx_word' id='word_1_224' title='bbox 1425 1965 1599 2006; x_wconf 86' lang='lat' dir='ltr'><strong>Novellae</strong></span> 
     </span>
     <span class='ocr_line' id='line_1_26' title="bbox 130 2034 1598 2088; baseline 0.005 -14"><span class='ocrx_word' id='word_1_225' title='bbox 130 2035 217 2082; x_wconf 70' lang='lat'><strong>22„</strong></span> <span class='ocrx_word' id='word_1_226' title='bbox 250 2049 338 2086; x_wconf 87' lang='lat' dir='ltr'><strong>quae</strong></span> <span class='ocrx_word' id='word_1_227' title='bbox 374 2035 417 2073; x_wconf 90' lang='lat' dir='ltr'><strong>ad</strong></span> <span class='ocrx_word' id='word_1_228' title='bbox 445 2035 711 2082; x_wconf 85' lang='lat' dir='ltr'><strong>Iohannem,</strong></span> <span class='ocrx_word' id='word_1_229' title='bbox 746 2037 957 2087; x_wconf 84' lang='lat' dir='ltr'><strong>praefectum</strong></span> <span class='ocrx_word' id='word_1_230' title='bbox 992 2040 1165 2088; x_wconf 86' lang='lat' dir='ltr'><strong>praetorio</strong></span> <span class='ocrx_word' id='word_1_231' title='bbox 1194 2038 1276 2077; x_wconf 87' lang='lat' dir='ltr'><strong>data</strong></span> <span class='ocrx_word' id='word_1_232' title='bbox 1311 2044 1385 2085; x_wconf 81' lang='lat' dir='ltr'><strong>est,</strong></span> <span class='ocrx_word' id='word_1_233' title='bbox 1421 2034 1598 2082; x_wconf 77' lang='grc' dir='ltr'><strong><em>ῗσότυπα</em></strong></span> 
     </span>
     <span class='ocr_line' id='line_1_27' title="bbox 127 2108 1595 2162; baseline 0.005 -15"><span class='ocrx_word' id='word_1_234' title='bbox 127 2113 236 2147; x_wconf 88' lang='lat' dir='ltr'><strong>missa</strong></span> <span class='ocrx_word' id='word_1_235' title='bbox 263 2121 342 2147; x_wconf 86' lang='lat' dir='ltr'><strong>esse</strong></span> <span class='ocrx_word' id='word_1_236' title='bbox 369 2108 592 2160; x_wconf 85' lang='lat' dir='ltr'><strong>perhibentur</strong></span> <span class='ocrx_word' id='word_1_237' title='bbox 619 2108 664 2147; x_wconf 90' lang='lat' dir='ltr'><strong>ad</strong></span> <span class='ocrx_word' id='word_1_238' title='bbox 692 2110 956 2157; x_wconf 85' lang='lat' dir='ltr'><strong>Patricium,</strong></span> <span class='ocrx_word' id='word_1_239' title='bbox 984 2112 1195 2162; x_wconf 83' lang='lat' dir='ltr'><strong>praefectum</strong></span> <span class='ocrx_word' id='word_1_240' title='bbox 1223 2113 1320 2159; x_wconf 89' lang='lat' dir='ltr'><strong>urbi,</strong></span> <span class='ocrx_word' id='word_1_241' title='bbox 1358 2112 1403 2151; x_wconf 90' lang='lat' dir='ltr'><strong>ad</strong></span> <span class='ocrx_word' id='word_1_242' title='bbox 1430 2113 1595 2154; x_wconf 83' lang='lat' dir='ltr'><strong>Basili-</strong></span> 
     </span>
     <span class='ocr_line' id='line_1_28' title="bbox 127 2182 1595 2238; baseline 0.005 -18"><span class='ocrx_word' id='word_1_243' title='bbox 127 2182 219 2221; x_wconf 89' lang='lat' dir='ltr'><strong>dem</strong></span> <span class='ocrx_word' id='word_1_244' title='bbox 248 2186 452 2236; x_wconf 86' lang='lat' dir='ltr'><strong>magistrum</strong></span> <span class='ocrx_word' id='word_1_245' title='bbox 467 2183 672 2229; x_wconf 87' lang='lat' dir='ltr'><strong>officiorum,</strong></span> <span class='ocrx_word' id='word_1_246' title='bbox 700 2182 743 2220; x_wconf 87' lang='lat' dir='ltr'><strong>ad</strong></span> <span class='ocrx_word' id='word_1_247' title='bbox 772 2183 1067 2236; x_wconf 86' lang='lat' dir='ltr'><strong>Strategium,</strong></span> <span class='ocrx_word' id='word_1_248' title='bbox 1096 2189 1256 2223; x_wconf 91' lang='lat' dir='ltr'><strong>comitem</strong></span> <span class='ocrx_word' id='word_1_249' title='bbox 1284 2186 1520 2238; x_wconf 84' lang='lat' dir='ltr'><strong>largitionum,</strong></span> <span class='ocrx_word' id='word_1_250' title='bbox 1550 2189 1595 2229; x_wconf 87' lang='lat' dir='ltr'><strong>ad</strong></span> 
     </span>
     <span class='ocr_line' id='line_1_29' title="bbox 127 2257 1592 2308; baseline 0.004 -12"><span class='ocrx_word' id='word_1_251' title='bbox 127 2257 467 2304; x_wconf 87' lang='lat' dir='ltr'><strong>Tribonianum,</strong></span> <span class='ocrx_word' id='word_1_252' title='bbox 497 2261 724 2308; x_wconf 87' lang='lat' dir='ltr'><strong>quaestorem,</strong></span> <span class='ocrx_word' id='word_1_253' title='bbox 754 2257 798 2295; x_wconf 88' lang='lat' dir='ltr'><strong>ad</strong></span> <span class='ocrx_word' id='word_1_254' title='bbox 820 2257 1103 2304; x_wconf 82' lang='lat' dir='ltr'><strong>Germanum,</strong></span> <span class='ocrx_word' id='word_1_255' title='bbox 1133 2259 1348 2307; x_wconf 86' lang='lat' dir='ltr'><strong>Tzittam,</strong></span> <span class='ocrx_word' id='word_1_256' title='bbox 1377 2260 1592 2302; x_wconf 83' lang='lat' dir='ltr'><strong>Axentia-</strong></span> 
     </span>
     <span class='ocr_line' id='line_1_30' title="bbox 126 2330 1594 2392; baseline 0.003 -22"><span class='ocrx_word' id='word_1_257' title='bbox 126 2344 225 2370; x_wconf 89' lang='lat' dir='ltr'><strong>num</strong></span> <span class='ocrx_word' id='word_1_258' title='bbox 240 2335 427 2383; x_wconf 88' lang='lat' dir='ltr'><strong>magistros</strong></span> <span class='ocrx_word' id='word_1_259' title='bbox 445 2331 588 2369; x_wconf 90' lang='lat' dir='ltr'><strong>militiae</strong></span> <span class='ocrx_word' id='word_1_260' title='bbox 604 2334 641 2368; x_wconf 92' lang='lat' dir='ltr'><strong>in</strong></span> <span class='ocrx_word' id='word_1_261' title='bbox 655 2334 839 2381; x_wconf 83' lang='lat' dir='ltr'><strong>praesenti,</strong></span> <span class='ocrx_word' id='word_1_262' title='bbox 861 2330 905 2369; x_wconf 91' lang='lat' dir='ltr'><strong>ad</strong></span> <span class='ocrx_word' id='word_1_263' title='bbox 919 2331 951 2369; x_wconf 92' lang='lat' dir='ltr'><strong>F</strong></span> <span class='ocrx_word' id='word_1_264' title='bbox 959 2332 1105 2370; x_wconf 85' lang='lat' dir='ltr'><strong>lorum</strong></span> <span class='ocrx_word' id='word_1_265' title='bbox 1135 2336 1294 2372; x_wconf 82' lang='lat' dir='ltr'><strong>comitem</strong></span> <span class='ocrx_word' id='word_1_266' title='bbox 1307 2336 1525 2385; x_wconf 86' lang='lat' dir='ltr'><strong>privatorum</strong></span> <span class='ocrx_word' id='word_1_267' title='bbox 1536 2333 1594 2392; x_wconf 77' lang='lat'><strong>³);</strong></span> 
     </span>
     <span class='ocr_line' id='line_1_31' title="bbox 126 2401 1592 2459; baseline 0.004 -16"><span class='ocrx_word' id='word_1_268' title='bbox 126 2409 164 2443; x_wconf 94' lang='lat' dir='ltr'><strong>in</strong></span> <span class='ocrx_word' id='word_1_269' title='bbox 191 2408 463 2455; x_wconf 89' lang='lat' dir='ltr'><strong>uniuscuiusque</strong></span> <span class='ocrx_word' id='word_1_270' title='bbox 490 2404 698 2454; x_wconf 87' lang='lat' dir='ltr'><strong>exemplaris</strong></span> <span class='ocrx_word' id='word_1_271' title='bbox 726 2404 892 2443; x_wconf 89' lang='lat' dir='ltr'><strong>relatione</strong></span> <span class='ocrx_word' id='word_1_272' title='bbox 919 2403 1006 2442; x_wconf 90' lang='lat' dir='ltr'><strong>illud</strong></span> <span class='ocrx_word' id='word_1_273' title='bbox 1017 2419 1034 2444; x_wconf 55' lang='grc' dir='ltr'>ι</span> <span class='ocrx_word' id='word_1_274' title='bbox 1055 2405 1151 2457; x_wconf 86' lang='lat' dir='ltr'><strong>legi</strong></span> <span class='ocrx_word' id='word_1_275' title='bbox 1168 2401 1219 2458; x_wconf 77' lang='lat'><strong>⁴),</strong></span> <span class='ocrx_word' id='word_1_276' title='bbox 1249 2419 1317 2457; x_wconf 88' lang='lat' dir='ltr'><strong>quo</strong></span> <span class='ocrx_word' id='word_1_277' title='bbox 1347 2415 1510 2459; x_wconf 83' lang='lat' dir='ltr'><strong>quaestor</strong></span> <span class='ocrx_word' id='word_1_278' title='bbox 1536 2412 1592 2450; x_wconf 92' lang='lat' dir='ltr'><strong>lit-</strong></span> 
     </span>
    </p>
   </div>
   <div class='ocr_carea' id='block_1_4' title="bbox 120 2572 1593 2906">
    <p class='ocr_par' dir='ltr' id='par_1_4' title="bbox 125 2572 1593 2680">
     <span class='ocr_line' id='line_1_32' title="bbox 217 2572 1593 2620; baseline 0.002 -12"><span class='ocrx_word' id='word_1_279' title='bbox 217 2573 258 2619; x_wconf 83' lang='lat'><strong>1)</strong></span> <span class='ocrx_word' id='word_1_280' title='bbox 284 2574 389 2618; x_wconf 84' lang='lat' dir='ltr'><strong>Vide,</strong></span> <span class='ocrx_word' id='word_1_281' title='bbox 413 2584 506 2620; x_wconf 89' lang='lat' dir='ltr'><strong>quae</strong></span> <span class='ocrx_word' id='word_1_282' title='bbox 520 2572 605 2608; x_wconf 84' lang='lat' dir='ltr'><strong>dixi</strong></span> <span class='ocrx_word' id='word_1_283' title='bbox 626 2573 665 2608; x_wconf 87' lang='lat' dir='ltr'><strong>in</strong></span> <span class='ocrx_word' id='word_1_284' title='bbox 687 2574 801 2609; x_wconf 84' lang='lat' dir='ltr'><strong>libro:</strong></span> <span class='ocrx_word' id='word_1_285' title='bbox 824 2573 1020 2618; x_wconf 70' lang='lat' dir='ltr'><strong>Zeitsclm&#39;ff!</strong></span> <span class='ocrx_word' id='word_1_286' title='bbox 1042 2574 1104 2617; x_wconf 73' lang='grc' dir='ltr'><strong>Ιῖὶν</strong></span> <span class='ocrx_word' id='word_1_287' title='bbox 1122 2574 1373 2618; x_wconf 69' lang='lat' dir='ltr'><strong>yachichttiche</strong></span> <span class='ocrx_word' id='word_1_288' title='bbox 1385 2579 1593 2618; x_wconf 69' lang='lat' dir='ltr'><strong>Rechtswis..</strong></span> 
     </span>
     <span class='ocr_line' id='line_1_33' title="bbox 125 2630 1313 2680; baseline 0.003 -14"><span class='ocrx_word' id='word_1_289' title='bbox 125 2632 294 2676; x_wconf 69' lang='lat' dir='ltr'><strong>smchnss</strong></span> <span class='ocrx_word' id='word_1_290' title='bbox 315 2631 573 2677; x_wconf 71' lang='lat' dir='ltr'><strong>heransyeyeben</strong></span> <span class='ocrx_word' id='word_1_291' title='bbox 594 2642 658 2666; x_wconf 76' lang='lat' dir='ltr'><strong>von</strong></span> <span class='ocrx_word' id='word_1_292' title='bbox 679 2633 840 2677; x_wconf 75' lang='lat' dir='ltr'><strong>Suuiqny.</strong></span> <span class='ocrx_word' id='word_1_293' title='bbox 863 2630 1048 2668; x_wconf 84' lang='lat' dir='ltr'><strong>v01.V111.</strong></span> <span class='ocrx_word' id='word_1_294' title='bbox 1073 2640 1109 2677; x_wconf 84' lang='lat' dir='ltr'><strong>p.</strong></span> <span class='ocrx_word' id='word_1_295' title='bbox 1129 2631 1211 2668; x_wconf 81' lang='lat'><strong>338.</strong></span> <span class='ocrx_word' id='word_1_296' title='bbox 1235 2644 1313 2680; x_wconf 82' lang='lat' dir='ltr'><strong>seq.</strong></span> 
     </span>
    </p>

    <p class='ocr_par' dir='ltr' id='par_1_5' title="bbox 213 2688 759 2734">
     <span class='ocr_line' id='line_1_34' title="bbox 213 2688 759 2734; baseline 0.005 -11"><span class='ocrx_word' id='word_1_297' title='bbox 213 2690 255 2730; x_wconf 87' lang='lat'><strong>2)</strong></span> <span class='ocrx_word' id='word_1_298' title='bbox 281 2690 321 2724; x_wconf 87' lang='lat' dir='ltr'><strong>ln</strong></span> <span class='ocrx_word' id='word_1_299' title='bbox 335 2689 404 2725; x_wconf 82' lang='lat' dir='ltr'><strong>ed.</strong></span> <span class='ocrx_word' id='word_1_300' title='bbox 426 2688 618 2733; x_wconf 82' lang='lat' dir='ltr'><strong>Scrimgeri</strong></span> <span class='ocrx_word' id='word_1_301' title='bbox 641 2700 678 2734; x_wconf 88' lang='lat' dir='ltr'><strong>p.</strong></span> <span class='ocrx_word' id='word_1_302' title='bbox 701 2689 759 2726; x_wconf 84' lang='grc'><strong>28.</strong></span> 
     </span>
    </p>

    <p class='ocr_par' dir='ltr' id='par_1_6' title="bbox 212 2746 1122 2797">
     <span class='ocr_line' id='line_1_35' title="bbox 212 2746 1122 2797; baseline 0.004 -17"><span class='ocrx_word' id='word_1_303' title='bbox 212 2746 252 2790; x_wconf 87' lang='grc'><strong>3)</strong></span> <span class='ocrx_word' id='word_1_304' title='bbox 278 2746 322 2782; x_wconf 95' lang='lat' dir='ltr'><strong>L.</strong></span> <span class='ocrx_word' id='word_1_305' title='bbox 346 2758 377 2783; x_wconf 89' lang='lat' dir='ltr'><strong>c.</strong></span> <span class='ocrx_word' id='word_1_306' title='bbox 402 2759 439 2794; x_wconf 90' lang='lat' dir='ltr'><strong>p.</strong></span> <span class='ocrx_word' id='word_1_307' title='bbox 462 2746 541 2783; x_wconf 75' lang='lat'><strong>104.</strong></span> <span class='ocrx_word' id='word_1_308' title='bbox 731 2759 732 2762; x_wconf 50' lang='lat'>¹</span> <span class='ocrx_word' id='word_1_309' title='bbox 1116 2791 1122 2797; x_wconf 19' lang='grc' dir='ltr'>χ</span> 
     </span>
    </p>

    <p class='ocr_par' dir='ltr' id='par_1_7' title="bbox 120 2802 1590 2906">
     <span class='ocr_line' id='line_1_36' title="bbox 213 2802 1590 2850; baseline 0.01 -14"><span class='ocrx_word' id='word_1_310' title='bbox 213 2802 254 2843; x_wconf 86' lang='grc'><strong>4)</strong></span> <span class='ocrx_word' id='word_1_311' title='bbox 279 2804 372 2838; x_wconf 87' lang='lat' dir='ltr'><strong>Vide</strong></span> <span class='ocrx_word' id='word_1_312' title='bbox 396 2804 582 2839; x_wconf 84' lang='lat' dir='ltr'><strong>eniacium</strong></span> <span class='ocrx_word' id='word_1_313' title='bbox 613 2804 650 2838; x_wconf 88' lang='lat' dir='ltr'><strong>in</strong></span> <span class='ocrx_word' id='word_1_314' title='bbox 686 2804 912 2850; x_wconf 85' lang='lat' dir='ltr'><strong>expositione</strong></span> <span class='ocrx_word' id='word_1_315' title='bbox 936 2803 1113 2838; x_wconf 83' lang='lat' dir='ltr'><strong>Novellae</strong></span> <span class='ocrx_word' id='word_1_316' title='bbox 1135 2804 1206 2849; x_wconf 66' lang='lat'><strong>22„</strong></span> <span class='ocrx_word' id='word_1_317' title='bbox 1230 2804 1311 2841; x_wconf 84' lang='lat'><strong>105.</strong></span> <span class='ocrx_word' id='word_1_318' title='bbox 1336 2810 1373 2841; x_wconf 89' lang='lat' dir='ltr'><strong>et</strong></span> <span class='ocrx_word' id='word_1_319' title='bbox 1395 2809 1590 2849; x_wconf 80' lang='lat' dir='ltr'><strong>Bienerum</strong></span> 
     </span>
     <span class='ocr_line' id='line_1_37' title="bbox 120 2858 1091 2906; baseline 0.003 -11"><span class='ocrx_word' id='word_1_320' title='bbox 120 2860 143 2895; x_wconf 90' lang='grc'><strong>1.</strong></span> <span class='ocrx_word' id='word_1_321' title='bbox 168 2870 199 2896; x_wconf 89' lang='lat' dir='ltr'><strong>c.</strong></span> <span class='ocrx_word' id='word_1_322' title='bbox 222 2871 258 2906; x_wconf 88' lang='lat' dir='ltr'><strong>p.</strong></span> <span class='ocrx_word' id='word_1_323' title='bbox 282 2860 339 2897; x_wconf 85' lang='lat'><strong>22.</strong></span> <span class='ocrx_word' id='word_1_324' title='bbox 514 2867 516 2869; x_wconf 84' lang='grc'><strong>’</strong></span> <span class='ocrx_word' id='word_1_325' title='bbox 1086 2858 1091 2862; x_wconf 79' lang='grc'><em>’</em></span> 
     </span>
    </p>
   </div>
  </div>
 </body>
</html>
