<?xml version="1.0" encoding="UTF-8"?>
<!DOCTYPE html PUBLIC "-//W3C//DTD XHTML 1.0 Transitional//EN"
    "http://www.w3.org/TR/xhtml1/DTD/xhtml1-transitional.dtd">
<html xmlns="http://www.w3.org/1999/xhtml" xml:lang="en" lang="en">
 <head>
  <title>
</title>
<meta http-equiv="Content-Type" content="text/html;charset=utf-8" />
  <meta name='ocr-system' content='tesseract 3.04.00' />
  <meta name='ocr-capabilities' content='ocr_page ocr_carea ocr_par ocr_line ocrx_word'/>
</head>
<body>
  <div class='ocr_page' id='page_1' title='image "4622885_0010.png"; bbox 0 0 1753 3215; ppageno 0'>
   <div class='ocr_carea' id='block_1_1' title="bbox 790 160 876 205">
    <p class='ocr_par' dir='ltr' id='par_1_1' title="bbox 790 160 876 205">
     <span class='ocr_line' id='line_1_1' title="bbox 790 160 876 205; baseline 0 0"><span class='ocrx_word' id='word_1_1' title='bbox 790 184 795 188; x_wconf 90' lang='lat'>·</span> <span class='ocrx_word' id='word_1_2' title='bbox 846 160 876 205; x_wconf 83' lang='lat'><em>4</em></span> 
     </span>
    </p>
   </div>
   <div class='ocr_carea' id='block_1_2' title="bbox 119 289 1619 2868">
    <p class='ocr_par' dir='ltr' id='par_1_2' title="bbox 121 289 1596 1753">
     <span class='ocr_line' id='line_1_2' title="bbox 134 289 1596 344; baseline -0.008 -7"><span class='ocrx_word' id='word_1_3' title='bbox 134 299 236 338; x_wconf 87' lang='lat' dir='ltr'><strong>meris</strong></span> <span class='ocrx_word' id='word_1_4' title='bbox 264 293 434 334; x_wconf 79' lang='lat' dir='ltr'><strong>absolutis</strong></span> <span class='ocrx_word' id='word_1_5' title='bbox 462 291 723 344; x_wconf 77' lang='lat' dir='ltr'><strong>exemplaribuS,</strong></span> <span class='ocrx_word' id='word_1_6' title='bbox 752 304 840 343; x_wconf 88' lang='lat' dir='ltr'><strong>quae</strong></span> <span class='ocrx_word' id='word_1_7' title='bbox 868 291 1014 330; x_wconf 88' lang='lat' dir='ltr'><strong>ficticiae</strong></span> <span class='ocrx_word' id='word_1_8' title='bbox 1042 291 1148 328; x_wconf 91' lang='lat' dir='ltr'><strong>istius</strong></span> <span class='ocrx_word' id='word_1_9' title='bbox 1176 289 1391 329; x_wconf 78' lang='lat' dir='ltr'><strong>collecti-onis</strong></span> <span class='ocrx_word' id='word_1_10' title='bbox 1420 289 1521 340; x_wconf 86' lang='lat' dir='ltr'><strong>quasi</strong></span> <span class='ocrx_word' id='word_1_11' title='bbox 1550 290 1596 326; x_wconf 89' lang='lat' dir='ltr'><strong>si-</strong></span> 
     </span>
     <span class='ocr_line' id='line_1_3' title="bbox 132 355 1596 416; baseline -0.007 -6"><span class='ocrx_word' id='word_1_12' title='bbox 132 355 320 410; x_wconf 79' lang='lat' dir='ltr'><strong>mulacrum</strong></span> <span class='ocrx_word' id='word_1_13' title='bbox 349 371 512 415; x_wconf 89' lang='lat' dir='ltr'><strong>referant,</strong></span> <span class='ocrx_word' id='word_1_14' title='bbox 539 365 713 406; x_wconf 88' lang='lat' dir='ltr'><strong>habendas</strong></span> <span class='ocrx_word' id='word_1_15' title='bbox 743 378 839 413; x_wconf 86' lang='lat' dir='ltr'><strong>esse,</strong></span> <span class='ocrx_word' id='word_1_16' title='bbox 877 365 940 405; x_wconf 87' lang='lat' dir='ltr'><strong>sed</strong></span> <span class='ocrx_word' id='word_1_17' title='bbox 968 364 1089 404; x_wconf 90' lang='lat' dir='ltr'><strong>harum</strong></span> <span class='ocrx_word' id='word_1_18' title='bbox 1130 366 1300 416; x_wconf 81' lang='lat' dir='ltr'><strong>originem</strong></span> <span class='ocrx_word' id='word_1_19' title='bbox 1331 362 1376 403; x_wconf 85' lang='lat' dir='ltr'><strong>ad</strong></span> <span class='ocrx_word' id='word_1_20' title='bbox 1404 363 1596 407; x_wconf 70' lang='lat' dir='ltr'>recentiora</span> 
     </span>
     <span class='ocr_line' id='line_1_4' title="bbox 132 440 1594 497; baseline -0.006 -12"><span class='ocrx_word' id='word_1_21' title='bbox 132 452 287 497; x_wconf 87' lang='lat' dir='ltr'><strong>tempora</strong></span> <span class='ocrx_word' id='word_1_22' title='bbox 312 443 537 491; x_wconf 81' lang='lat' dir='ltr'>referendam,</span> <span class='ocrx_word' id='word_1_23' title='bbox 573 454 661 489; x_wconf 85' lang='lat' dir='ltr'><strong>cum,</strong></span> <span class='ocrx_word' id='word_1_24' title='bbox 690 442 748 492; x_wconf 90' lang='lat' dir='ltr'><strong>qni</strong></span> <span class='ocrx_word' id='word_1_25' title='bbox 776 442 813 478; x_wconf 90' lang='lat' dir='ltr'><strong>in</strong></span> <span class='ocrx_word' id='word_1_26' title='bbox 843 441 998 479; x_wconf 84' lang='lat' dir='ltr'><strong>Graecas</strong></span> <span class='ocrx_word' id='word_1_27' title='bbox 1028 440 1213 478; x_wconf 85' lang='lat' dir='ltr'><strong>Iustiniani</strong></span> <span class='ocrx_word' id='word_1_28' title='bbox 1243 442 1387 490; x_wconf 81' lang='lat' dir='ltr'><strong>eiusque</strong></span> <span class='ocrx_word' id='word_1_29' title='bbox 1416 450 1594 477; x_wconf 88' lang='lat' dir='ltr'><strong>successo-</strong></span> 
     </span>
     <span class='ocr_line' id='line_1_5' title="bbox 132 499 1594 566; baseline -0.005 -7"><span class='ocrx_word' id='word_1_30' title='bbox 132 534 209 559; x_wconf 88' lang='lat' dir='ltr'><strong>rum</strong></span> <span class='ocrx_word' id='word_1_31' title='bbox 241 520 503 558; x_wconf 78' lang='lat' dir='ltr'><strong>constitutiones</strong></span> <span class='ocrx_word' id='word_1_32' title='bbox 529 515 741 562; x_wconf 81' lang='lat' dir='ltr'><strong>incidissent,</strong></span> <span class='ocrx_word' id='word_1_33' title='bbox 770 514 813 553; x_wconf 86' lang='lat' dir='ltr'><strong>ad</strong></span> <span class='ocrx_word' id='word_1_34' title='bbox 843 528 941 562; x_wconf 87' lang='lat' dir='ltr'><strong>eum,</strong></span> <span class='ocrx_word' id='word_1_35' title='bbox 979 517 1034 566; x_wconf 89' lang='lat' dir='ltr'><strong>qui</strong></span> <span class='ocrx_word' id='word_1_36' title='bbox 1064 516 1100 552; x_wconf 90' lang='lat' dir='ltr'><strong>in</strong></span> <span class='ocrx_word' id='word_1_37' title='bbox 1130 499 1309 550; x_wconf 85' lang='lat' dir='ltr'><strong>Theodori</strong></span> <span class='ocrx_word' id='word_1_38' title='bbox 1338 513 1506 561; x_wconf 82' lang='lat' dir='ltr'><strong>Syntomo</strong></span> <span class='ocrx_word' id='word_1_39' title='bbox 1534 512 1594 551; x_wconf 81' lang='lat' dir='ltr'><strong>ha-</strong></span> 
     </span>
     <span class='ocr_line' id='line_1_6' title="bbox 135 586 1592 643; baseline -0.006 -10"><span class='ocrx_word' id='word_1_40' title='bbox 135 596 245 640; x_wconf 88' lang='lat' dir='ltr'><strong>betur,</strong></span> <span class='ocrx_word' id='word_1_41' title='bbox 272 593 437 640; x_wconf 78' lang='lat' dir='ltr'><strong>ordinem,</strong></span> <span class='ocrx_word' id='word_1_42' title='bbox 467 590 622 643; x_wconf 88' lang='lat' dir='ltr'><strong>quicquid</strong></span> <span class='ocrx_word' id='word_1_43' title='bbox 649 594 859 636; x_wconf 86' lang='lat' dir='ltr'><strong>invenerant,</strong></span> <span class='ocrx_word' id='word_1_44' title='bbox 890 602 1092 641; x_wconf 87' lang='lat' dir='ltr'><strong>componere</strong></span> <span class='ocrx_word' id='word_1_45' title='bbox 1122 589 1217 626; x_wconf 72' lang='lat' dir='ltr'><strong>satis.</strong></span> <span class='ocrx_word' id='word_1_46' title='bbox 1238 586 1422 635; x_wconf 84' lang='lat' dir='ltr'><strong>haberent,</strong></span> <span class='ocrx_word' id='word_1_47' title='bbox 1452 588 1592 627; x_wconf 91' lang='lat' dir='ltr'><strong>Latinis</strong></span> 
     </span>
     <span class='ocr_line' id='line_1_7' title="bbox 134 661 1593 718; baseline -0.004 -12"><span class='ocrx_word' id='word_1_48' title='bbox 134 669 250 706; x_wconf 85' lang='lat' dir='ltr'><strong>tamen</strong></span> <span class='ocrx_word' id='word_1_49' title='bbox 277 667 400 705; x_wconf 88' lang='lat' dir='ltr'><strong>horum</strong></span> <span class='ocrx_word' id='word_1_50' title='bbox 439 666 679 718; x_wconf 85' lang='lat' dir='ltr'><strong>imperatorum</strong></span> <span class='ocrx_word' id='word_1_51' title='bbox 715 666 1028 711; x_wconf 83' lang='lat' dir='ltr'><strong>constitutionibus,</strong></span> <span class='ocrx_word' id='word_1_52' title='bbox 1070 665 1102 700; x_wconf 91' lang='lat' dir='ltr'><strong>si</strong></span> <span class='ocrx_word' id='word_1_53' title='bbox 1131 676 1219 714; x_wconf 89' lang='lat' dir='ltr'><strong>quae</strong></span> <span class='ocrx_word' id='word_1_54' title='bbox 1248 665 1283 701; x_wconf 94' lang='lat' dir='ltr'><strong>in</strong></span> <span class='ocrx_word' id='word_1_55' title='bbox 1312 664 1382 700; x_wconf 87' lang='lat' dir='ltr'><strong>isto</strong></span> <span class='ocrx_word' id='word_1_56' title='bbox 1411 661 1593 702; x_wconf 78' lang='lat' dir='ltr'><strong>‚Theodori</strong></span> 
     </span>
     <span class='ocr_line' id='line_1_8' title="bbox 133 738 1593 790; baseline -0.003 -11"><span class='ocrx_word' id='word_1_57' title='bbox 133 743 221 780; x_wconf 90' lang='lat' dir='ltr'><strong>libro</strong></span> <span class='ocrx_word' id='word_1_58' title='bbox 267 746 630 788; x_wconf 75' lang='lat' dir='ltr'><strong>commemorarentur,</strong></span> <span class='ocrx_word' id='word_1_59' title='bbox 674 753 759 790; x_wconf 87' lang='lat' dir='ltr'><strong>quas</strong></span> <span class='ocrx_word' id='word_1_60' title='bbox 802 740 901 790; x_wconf 86' lang='lat' dir='ltr'><strong>plane</strong></span> <span class='ocrx_word' id='word_1_61' title='bbox 943 752 1013 776; x_wconf 91' lang='lat' dir='ltr'><strong>non</strong></span> <span class='ocrx_word' id='word_1_62' title='bbox 1060 739 1266 789; x_wconf 55' lang='lat' dir='ltr'><strong>attigerant,</strong></span> <span class='ocrx_word' id='word_1_63' title='bbox 1316 738 1478 782; x_wconf 88' lang='lat' dir='ltr'><strong>omissis,</strong></span> <span class='ocrx_word' id='word_1_64' title='bbox 1533 743 1593 774; x_wconf 87' lang='lat' dir='ltr'><strong>aut</strong></span> 
     </span>
     <span class='ocr_line' id='line_1_9' title="bbox 136 812 1590 866; baseline -0.004 -13"><span class='ocrx_word' id='word_1_65' title='bbox 136 822 227 853; x_wconf 91' lang='lat' dir='ltr'><strong>certe</strong></span> <span class='ocrx_word' id='word_1_66' title='bbox 258 817 421 862; x_wconf 87' lang='lat' dir='ltr'><strong>Graecis,</strong></span> <span class='ocrx_word' id='word_1_67' title='bbox 451 828 537 865; x_wconf 92' lang='lat' dir='ltr'><strong>quae</strong></span> <span class='ocrx_word' id='word_1_68' title='bbox 566 814 654 866; x_wconf 86' lang='lat' dir='ltr'><strong>apud</strong></span> <span class='ocrx_word' id='word_1_69' title='bbox 683 813 908 852; x_wconf 85' lang='lat' dir='ltr'><strong>Athanasium</strong></span> <span class='ocrx_word' id='word_1_70' title='bbox 938 812 1231 864; x_wconf 87' lang='lat' dir='ltr'><strong>Theodorumque</strong></span> <span class='ocrx_word' id='word_1_71' title='bbox 1259 813 1492 858; x_wconf 87' lang='lat' dir='ltr'><strong>inveniuntur,</strong></span> <span class='ocrx_word' id='word_1_72' title='bbox 1521 813 1590 862; x_wconf 92' lang='lat' dir='ltr'><strong>epi-</strong></span> 
     </span>
     <span class='ocr_line' id='line_1_10' title="bbox 135 887 1591 938; baseline -0.004 -10"><span class='ocrx_word' id='word_1_73' title='bbox 135 892 239 929; x_wconf 85' lang='lat' dir='ltr'><strong>tomis</strong></span> <span class='ocrx_word' id='word_1_74' title='bbox 266 893 304 928; x_wconf 91' lang='lat' dir='ltr'><strong>in</strong></span> <span class='ocrx_word' id='word_1_75' title='bbox 331 890 536 928; x_wconf 84' lang='lat' dir='ltr'><strong>Latinarum</strong></span> <span class='ocrx_word' id='word_1_76' title='bbox 566 891 844 927; x_wconf 86' lang='lat' dir='ltr'><strong>constitutionum</strong></span> <span class='ocrx_word' id='word_1_77' title='bbox 873 889 986 926; x_wconf 89' lang='lat' dir='ltr'><strong>locum</strong></span> <span class='ocrx_word' id='word_1_78' title='bbox 1016 887 1192 934; x_wconf 84' lang='lat' dir='ltr'><strong>suffectis3</strong></span> <span class='ocrx_word' id='word_1_79' title='bbox 1224 889 1261 925; x_wconf 90' lang='lat' dir='ltr'><strong>in</strong></span> <span class='ocrx_word' id='word_1_80' title='bbox 1290 900 1357 938; x_wconf 91' lang='lat' dir='ltr'><strong>quo</strong></span> <span class='ocrx_word' id='word_1_81' title='bbox 1387 892 1501 923; x_wconf 86' lang='lat' dir='ltr'><strong>tamen</strong></span> <span class='ocrx_word' id='word_1_82' title='bbox 1532 888 1591 936; x_wconf 88' lang='lat' dir='ltr'><strong>qui</strong></span> 
     </span>
     <span class='ocr_line' id='line_1_11' title="bbox 133 964 1591 1015; baseline -0.003 -13"><span class='ocrx_word' id='word_1_83' title='bbox 133 970 298 1015; x_wconf 85' lang='lat' dir='ltr'><strong>utrasque</strong></span> <span class='ocrx_word' id='word_1_84' title='bbox 331 965 554 1002; x_wconf 86' lang='lat' dir='ltr'><strong>collectiones</strong></span> <span class='ocrx_word' id='word_1_85' title='bbox 590 966 857 1015; x_wconf 83' lang='lat' dir='ltr'><strong>composuerint,</strong></span> <span class='ocrx_word' id='word_1_86' title='bbox 894 964 983 1001; x_wconf 88' lang='lat' dir='ltr'><strong>alius</strong></span> <span class='ocrx_word' id='word_1_87' title='bbox 1022 964 1123 1001; x_wconf 89' lang='lat' dir='ltr'><strong>aliam</strong></span> <span class='ocrx_word' id='word_1_88' title='bbox 1162 964 1253 1000; x_wconf 89' lang='lat' dir='ltr'><strong>viam</strong></span> <span class='ocrx_word' id='word_1_89' title='bbox 1291 964 1473 1014; x_wconf 84' lang='lat' dir='ltr'><strong>ingressus</strong></span> <span class='ocrx_word' id='word_1_90' title='bbox 1511 972 1591 998; x_wconf 86' lang='lat' dir='ltr'><strong>esse</strong></span> 
     </span>
     <span class='ocr_line' id='line_1_12' title="bbox 133 1034 1591 1088; baseline -0.001 -13"><span class='ocrx_word' id='word_1_91' title='bbox 133 1039 312 1088; x_wconf 88' lang='lat' dir='ltr'><strong>reperitur,</strong></span> <span class='ocrx_word' id='word_1_92' title='bbox 341 1051 418 1077; x_wconf 86' lang='lat' dir='ltr'><strong>cnm</strong></span> <span class='ocrx_word' id='word_1_93' title='bbox 448 1041 535 1084; x_wconf 87' lang='lat' dir='ltr'><strong>eius,</strong></span> <span class='ocrx_word' id='word_1_94' title='bbox 564 1050 650 1088; x_wconf 88' lang='lat' dir='ltr'><strong>quae</strong></span> <span class='ocrx_word' id='word_1_95' title='bbox 671 1036 828 1076; x_wconf 88' lang='lat' dir='ltr'><strong>Venetiis</strong></span> <span class='ocrx_word' id='word_1_96' title='bbox 848 1037 1000 1083; x_wconf 88' lang='lat' dir='ltr'><strong>habetur,</strong></span> <span class='ocrx_word' id='word_1_97' title='bbox 1029 1037 1242 1075; x_wconf 80' lang='lat' dir='ltr'><strong>collectionis</strong></span> <span class='ocrx_word' id='word_1_98' title='bbox 1272 1036 1475 1088; x_wconf 88' lang='lat' dir='ltr'><strong>compilator</strong></span> <span class='ocrx_word' id='word_1_99' title='bbox 1503 1034 1591 1073; x_wconf 88' lang='lat' dir='ltr'><strong>nihil</strong></span> 
     </span>
     <span class='ocr_line' id='line_1_13' title="bbox 135 1111 1591 1162; baseline -0.001 -13"><span class='ocrx_word' id='word_1_100' title='bbox 135 1114 317 1162; x_wconf 86' lang='lat' dir='ltr'><strong>quicquam</strong></span> <span class='ocrx_word' id='word_1_101' title='bbox 345 1115 442 1162; x_wconf 86' lang='lat' dir='ltr'><strong>prius</strong></span> <span class='ocrx_word' id='word_1_102' title='bbox 472 1114 689 1161; x_wconf 87' lang='lat' dir='ltr'><strong>antiquiusve</strong></span> <span class='ocrx_word' id='word_1_103' title='bbox 716 1111 865 1157; x_wconf 88' lang='lat' dir='ltr'><strong>haberet,</strong></span> <span class='ocrx_word' id='word_1_104' title='bbox 894 1125 994 1161; x_wconf 79' lang='lat' dir='ltr'><strong>quarn</strong></span> <span class='ocrx_word' id='word_1_105' title='bbox 1014 1117 1052 1149; x_wconf 89' lang='lat' dir='ltr'><strong>ut</strong></span> <span class='ocrx_word' id='word_1_106' title='bbox 1079 1111 1157 1157; x_wconf 85' lang='lat' dir='ltr'><strong>has,</strong></span> <span class='ocrx_word' id='word_1_107' title='bbox 1186 1124 1272 1162; x_wconf 90' lang='lat' dir='ltr'><strong>quae</strong></span> <span class='ocrx_word' id='word_1_108' title='bbox 1291 1111 1479 1149; x_wconf 89' lang='lat' dir='ltr'><strong>Iustiniani</strong></span> <span class='ocrx_word' id='word_1_109' title='bbox 1498 1114 1591 1155; x_wconf 88' lang='lat' dir='ltr'><strong>sunt,</strong></span> 
     </span>
     <span class='ocr_line' id='line_1_14' title="bbox 134 1185 1589 1236; baseline -0.002 -13"><span class='ocrx_word' id='word_1_110' title='bbox 134 1187 399 1223; x_wconf 89' lang='lat' dir='ltr'><strong>constitutiones</strong></span> <span class='ocrx_word' id='word_1_111' title='bbox 418 1189 614 1222; x_wconf 80' lang='lat' dir='ltr'><strong>contexeret</strong></span> <span class='ocrx_word' id='word_1_112' title='bbox 629 1185 733 1232; x_wconf 88' lang='lat' dir='ltr'><strong>solas,</strong></span> <span class='ocrx_word' id='word_1_113' title='bbox 761 1185 913 1235; x_wconf 83' lang='lat' dir='ltr'><strong>reliquis,</strong></span> <span class='ocrx_word' id='word_1_114' title='bbox 943 1198 1030 1236; x_wconf 84' lang='lat' dir='ltr'><strong>quae</strong></span> <span class='ocrx_word' id='word_1_115' title='bbox 1047 1187 1179 1223; x_wconf 86' lang='lat' dir='ltr'><strong>Iustino</strong></span> <span class='ocrx_word' id='word_1_116' title='bbox 1195 1185 1407 1236; x_wconf 87' lang='lat' dir='ltr'><strong>Tiberioque</strong></span> <span class='ocrx_word' id='word_1_117' title='bbox 1430 1188 1589 1235; x_wconf 86' lang='lat' dir='ltr'><strong>acceptae</strong></span> 
     </span>
     <span class='ocr_line' id='line_1_15' title="bbox 131 1257 1591 1309; baseline 0 -15"><span class='ocrx_word' id='word_1_118' title='bbox 131 1259 338 1304; x_wconf 82' lang='lat' dir='ltr'><strong>referuntur,</strong></span> <span class='ocrx_word' id='word_1_119' title='bbox 348 1260 498 1308; x_wconf 89' lang='lat' dir='ltr'><strong>itemque</strong></span> <span class='ocrx_word' id='word_1_120' title='bbox 514 1257 634 1295; x_wconf 87' lang='lat' dir='ltr'><strong>edictis</strong></span> <span class='ocrx_word' id='word_1_121' title='bbox 650 1259 894 1308; x_wconf 84' lang='lat' dir='ltr'><strong>praefectorum</strong></span> <span class='ocrx_word' id='word_1_122' title='bbox 910 1262 1081 1309; x_wconf 89' lang='lat' dir='ltr'><strong>praetorio</strong></span> <span class='ocrx_word' id='word_1_123' title='bbox 1099 1260 1198 1309; x_wconf 86' lang='lat' dir='ltr'><strong>plane</strong></span> <span class='ocrx_word' id='word_1_124' title='bbox 1214 1261 1373 1304; x_wconf 85' lang='lat' dir='ltr'><strong>omissis3</strong></span> <span class='ocrx_word' id='word_1_125' title='bbox 1389 1258 1447 1295; x_wconf 92' lang='lat' dir='ltr'><strong>ille</strong></span> <span class='ocrx_word' id='word_1_126' title='bbox 1465 1264 1591 1302; x_wconf 87' lang='lat' dir='ltr'><strong>autem,</strong></span> 
     </span>
     <span class='ocr_line' id='line_1_16' title="bbox 133 1332 1590 1384; baseline -0.001 -14"><span class='ocrx_word' id='word_1_127' title='bbox 133 1336 190 1383; x_wconf 88' lang='lat' dir='ltr'><strong>qui</strong></span> <span class='ocrx_word' id='word_1_128' title='bbox 204 1332 441 1371; x_wconf 89' lang='lat' dir='ltr'><strong>Florentinam</strong></span> <span class='ocrx_word' id='word_1_129' title='bbox 455 1333 690 1371; x_wconf 89' lang='lat' dir='ltr'><strong>collectionem</strong></span> <span class='ocrx_word' id='word_1_130' title='bbox 705 1334 864 1379; x_wconf 86' lang='lat' dir='ltr'><strong>confecit,</strong></span> <span class='ocrx_word' id='word_1_131' title='bbox 894 1333 984 1384; x_wconf 89' lang='lat' dir='ltr'><strong>quod</strong></span> <span class='ocrx_word' id='word_1_132' title='bbox 998 1333 1205 1371; x_wconf 88' lang='lat' dir='ltr'><strong>Theodorus</strong></span> <span class='ocrx_word' id='word_1_133' title='bbox 1220 1332 1528 1383; x_wconf 84' lang='lat' dir='ltr'><strong>Hermopolitanus</strong></span> <span class='ocrx_word' id='word_1_134' title='bbox 1552 1333 1590 1369; x_wconf 90' lang='lat' dir='ltr'><strong>in</strong></span> 
     </span>
     <span class='ocr_line' id='line_1_17' title="bbox 131 1403 1588 1457; baseline 0 -15"><span class='ocrx_word' id='word_1_135' title='bbox 131 1403 298 1450; x_wconf 84' lang='lat' dir='ltr'><strong>Syntomo</strong></span> <span class='ocrx_word' id='word_1_136' title='bbox 315 1404 548 1455; x_wconf 84' lang='lat' dir='ltr'><strong>componendo</strong></span> <span class='ocrx_word' id='word_1_137' title='bbox 565 1412 700 1456; x_wconf 84' lang='lat' dir='ltr'><strong>ceperat</strong></span> <span class='ocrx_word' id='word_1_138' title='bbox 716 1407 908 1452; x_wconf 89' lang='lat' dir='ltr'><strong>consilium,</strong></span> <span class='ocrx_word' id='word_1_139' title='bbox 939 1409 1094 1456; x_wconf 77' lang='lat' dir='ltr'><strong>pressius</strong></span> <span class='ocrx_word' id='word_1_140' title='bbox 1110 1406 1320 1457; x_wconf 86' lang='lat' dir='ltr'><strong>sequendum</strong></span> <span class='ocrx_word' id='word_1_141' title='bbox 1335 1413 1442 1452; x_wconf 90' lang='lat' dir='ltr'><strong>ratus,</strong></span> <span class='ocrx_word' id='word_1_142' title='bbox 1458 1417 1588 1452; x_wconf 88' lang='lat' dir='ltr'><strong>omnes,</strong></span> 
     </span>
     <span class='ocr_line' id='line_1_18' title="bbox 129 1480 1588 1529; baseline 0.001 -15"><span class='ocrx_word' id='word_1_143' title='bbox 129 1490 273 1526; x_wconf 89' lang='lat' dir='ltr'><strong>quarum</strong></span> <span class='ocrx_word' id='word_1_144' title='bbox 303 1480 335 1515; x_wconf 90' lang='lat' dir='ltr'><strong>is</strong></span> <span class='ocrx_word' id='word_1_145' title='bbox 364 1482 513 1529; x_wconf 88' lang='lat' dir='ltr'><strong>scriptor</strong></span> <span class='ocrx_word' id='word_1_146' title='bbox 540 1482 707 1528; x_wconf 89' lang='lat' dir='ltr'><strong>epitomas</strong></span> <span class='ocrx_word' id='word_1_147' title='bbox 744 1481 969 1525; x_wconf 87' lang='lat' dir='ltr'><strong>confecisset,</strong></span> <span class='ocrx_word' id='word_1_148' title='bbox 1006 1480 1175 1518; x_wconf 86' lang='lat' dir='ltr'><strong>Novellas</strong></span> <span class='ocrx_word' id='word_1_149' title='bbox 1214 1482 1477 1518; x_wconf 89' lang='lat' dir='ltr'><strong>constitutiones</strong></span> <span class='ocrx_word' id='word_1_150' title='bbox 1515 1481 1588 1517; x_wconf 88' lang='lat' dir='ltr'><strong>sive</strong></span> 
     </span>
     <span class='ocr_line' id='line_1_19' title="bbox 123 1551 1588 1605; baseline 0.003 -19"><span class='ocrx_word' id='word_1_151' title='bbox 123 1551 312 1587; x_wconf 88' lang='lat' dir='ltr'><strong>Iustiniani</strong></span> <span class='ocrx_word' id='word_1_152' title='bbox 340 1555 423 1588; x_wconf 88' lang='lat' dir='ltr'><strong>sunt</strong></span> <span class='ocrx_word' id='word_1_153' title='bbox 451 1554 526 1588; x_wconf 86' lang='lat' dir='ltr'><strong>sive</strong></span> <span class='ocrx_word' id='word_1_154' title='bbox 553 1551 681 1589; x_wconf 88' lang='lat' dir='ltr'><strong>Iustini</strong></span> <span class='ocrx_word' id='word_1_155' title='bbox 710 1555 784 1589; x_wconf 89' lang='lat' dir='ltr'><strong>sive</strong></span> <span class='ocrx_word' id='word_1_156' title='bbox 803 1552 947 1599; x_wconf 89' lang='lat' dir='ltr'><strong>Tiberii,</strong></span> <span class='ocrx_word' id='word_1_157' title='bbox 978 1554 1121 1592; x_wconf 89' lang='lat' dir='ltr'><strong>adiectis</strong></span> <span class='ocrx_word' id='word_1_158' title='bbox 1152 1559 1185 1591; x_wconf 91' lang='lat' dir='ltr'><strong>et</strong></span> <span class='ocrx_word' id='word_1_159' title='bbox 1213 1554 1465 1605; x_wconf 87' lang='lat' dir='ltr'><strong>praefectorum</strong></span> <span class='ocrx_word' id='word_1_160' title='bbox 1493 1565 1588 1604; x_wconf 87' lang='lat' dir='ltr'><strong>prae·</strong></span> 
     </span>
     <span class='ocr_line' id='line_1_20' title="bbox 124 1623 1582 1678; baseline 0.003 -19"><span class='ocrx_word' id='word_1_161' title='bbox 124 1624 211 1660; x_wconf 90' lang='lat' dir='ltr'><strong>torio</strong></span> <span class='ocrx_word' id='word_1_162' title='bbox 239 1624 379 1668; x_wconf 83' lang='lat' dir='ltr'><strong>formis,</strong></span> <span class='ocrx_word' id='word_1_163' title='bbox 410 1636 497 1673; x_wconf 89' lang='lat' dir='ltr'><strong>quas</strong></span> <span class='ocrx_word' id='word_1_164' title='bbox 511 1623 717 1662; x_wconf 88' lang='lat' dir='ltr'><strong>Theodorus</strong></span> <span class='ocrx_word' id='word_1_165' title='bbox 731 1628 931 1675; x_wconf 88' lang='lat' dir='ltr'><strong>recepisset,</strong></span> <span class='ocrx_word' id='word_1_166' title='bbox 961 1627 1250 1678; x_wconf 85' lang='lat' dir='ltr'><strong>conglutinandas</strong></span> <span class='ocrx_word' id='word_1_167' title='bbox 1268 1631 1302 1665; x_wconf 91' lang='lat' dir='ltr'><strong>et</strong></span> <span class='ocrx_word' id='word_1_168' title='bbox 1330 1627 1375 1665; x_wconf 86' lang='lat' dir='ltr'><strong>ad</strong></span> <span class='ocrx_word' id='word_1_169' title='bbox 1404 1640 1493 1673; x_wconf 89' lang='lat' dir='ltr'><strong>eum,</strong></span> <span class='ocrx_word' id='word_1_170' title='bbox 1523 1629 1582 1678; x_wconf 87' lang='lat' dir='ltr'><strong>qui</strong></span> 
     </span>
     <span class='ocr_line' id='line_1_21' title="bbox 121 1695 1290 1753; baseline 0.006 -22"><span class='ocrx_word' id='word_1_171' title='bbox 121 1695 210 1747; x_wconf 85' lang='lat' dir='ltr'><strong>apud</strong></span> <span class='ocrx_word' id='word_1_172' title='bbox 239 1695 460 1733; x_wconf 88' lang='lat' dir='ltr'><strong>Theodorum</strong></span> <span class='ocrx_word' id='word_1_173' title='bbox 489 1696 645 1744; x_wconf 85' lang='lat' dir='ltr'><strong>habetur,</strong></span> <span class='ocrx_word' id='word_1_174' title='bbox 674 1698 827 1736; x_wconf 86' lang='lat' dir='ltr'><strong>ordinem</strong></span> <span class='ocrx_word' id='word_1_175' title='bbox 858 1700 1113 1752; x_wconf 85' lang='lat' dir='ltr'><strong>componendas</strong></span> <span class='ocrx_word' id='word_1_176' title='bbox 1140 1706 1290 1753; x_wconf 87' lang='lat' dir='ltr'><strong>putaret.</strong></span> 
     </span>
    </p>

    <p class='ocr_par' dir='ltr' id='par_1_3' title="bbox 119 1770 1619 2868">
     <span class='ocr_line' id='line_1_22' title="bbox 235 1770 1584 1827; baseline 0.004 -20"><span class='ocrx_word' id='word_1_177' title='bbox 235 1770 287 1808; x_wconf 88' lang='lat' dir='ltr'><strong>Ac</strong></span> <span class='ocrx_word' id='word_1_178' title='bbox 313 1772 461 1822; x_wconf 90' lang='lat' dir='ltr'><strong>primum</strong></span> <span class='ocrx_word' id='word_1_179' title='bbox 490 1771 637 1822; x_wconf 86' lang='lat' dir='ltr'><strong>quidem,</strong></span> <span class='ocrx_word' id='word_1_180' title='bbox 667 1776 698 1811; x_wconf 87' lang='lat' dir='ltr'><strong>si</strong></span> <span class='ocrx_word' id='word_1_181' title='bbox 713 1772 755 1811; x_wconf 86' lang='lat' dir='ltr'><strong>de</strong></span> <span class='ocrx_word' id='word_1_182' title='bbox 771 1776 887 1813; x_wconf 83' lang='lat' dir='ltr'><strong>causis</strong></span> <span class='ocrx_word' id='word_1_183' title='bbox 911 1776 1097 1827; x_wconf 87' lang='lat' dir='ltr'><strong>quaeritur,</strong></span> <span class='ocrx_word' id='word_1_184' title='bbox 1128 1776 1348 1827; x_wconf 89' lang='lat' dir='ltr'><strong>quamobrem</strong></span> <span class='ocrx_word' id='word_1_185' title='bbox 1367 1775 1584 1814; x_wconf 87' lang='lat' dir='ltr'><strong>Graecarum</strong></span> 
     </span>
     <span class='ocr_line' id='line_1_23' title="bbox 121 1842 1584 1899; baseline 0.004 -18"><span class='ocrx_word' id='word_1_186' title='bbox 121 1842 345 1882; x_wconf 83' lang='lat' dir='ltr'><strong>Novellarum</strong></span> <span class='ocrx_word' id='word_1_187' title='bbox 376 1857 499 1895; x_wconf 88' lang='lat' dir='ltr'><strong>corpus</strong></span> <span class='ocrx_word' id='word_1_188' title='bbox 528 1849 663 1884; x_wconf 88' lang='lat' dir='ltr'><strong>centum</strong></span> <span class='ocrx_word' id='word_1_189' title='bbox 693 1849 877 1898; x_wconf 83' lang='lat' dir='ltr'><strong>sexaginta</strong></span> <span class='ocrx_word' id='word_1_190' title='bbox 906 1853 982 1886; x_wconf 90' lang='lat' dir='ltr'><strong>octo</strong></span> <span class='ocrx_word' id='word_1_191' title='bbox 1020 1848 1228 1887; x_wconf 84' lang='lat' dir='ltr'><strong>authenticis</strong></span> <span class='ocrx_word' id='word_1_192' title='bbox 1258 1849 1512 1899; x_wconf 79' lang='lat' dir='ltr'><strong>exemplaribus</strong></span> <span class='ocrx_word' id='word_1_193' title='bbox 1543 1850 1584 1887; x_wconf 90' lang='lat' dir='ltr'><strong>ab</strong></span> 
     </span>
     <span class='ocr_line' id='line_1_24' title="bbox 120 1918 1584 1974; baseline 0.005 -21"><span class='ocrx_word' id='word_1_194' title='bbox 120 1918 220 1954; x_wconf 90' lang='lat' dir='ltr'><strong>initio</strong></span> <span class='ocrx_word' id='word_1_195' title='bbox 250 1919 450 1955; x_wconf 87' lang='lat' dir='ltr'><strong>constitisse</strong></span> <span class='ocrx_word' id='word_1_196' title='bbox 479 1918 670 1966; x_wconf 87' lang='lat' dir='ltr'><strong>credamus,</strong></span> <span class='ocrx_word' id='word_1_197' title='bbox 699 1920 786 1958; x_wconf 88' lang='lat' dir='ltr'><strong>nihil</strong></span> <span class='ocrx_word' id='word_1_198' title='bbox 815 1923 996 1971; x_wconf 86' lang='lat' dir='ltr'><strong>quicquam</strong></span> <span class='ocrx_word' id='word_1_199' title='bbox 1027 1922 1194 1974; x_wconf 86' lang='lat' dir='ltr'><strong>cogitanti</strong></span> <span class='ocrx_word' id='word_1_200' title='bbox 1210 1924 1360 1961; x_wconf 89' lang='lat' dir='ltr'><strong>occurrit</strong></span> <span class='ocrx_word' id='word_1_201' title='bbox 1388 1922 1484 1969; x_wconf 89' lang='lat' dir='ltr'><strong>mihi,</strong></span> <span class='ocrx_word' id='word_1_202' title='bbox 1513 1925 1584 1961; x_wconf 90' lang='lat' dir='ltr'><strong>nisi</strong></span> 
     </span>
     <span class='ocr_line' id='line_1_25' title="bbox 120 1992 1583 2049; baseline 0.006 -23"><span class='ocrx_word' id='word_1_203' title='bbox 120 1993 332 2028; x_wconf 83' lang='lat' dir='ltr'><strong>inveteratus</strong></span> <span class='ocrx_word' id='word_1_204' title='bbox 367 1992 425 2029; x_wconf 86' lang='lat' dir='ltr'><strong>ille</strong></span> <span class='ocrx_word' id='word_1_205' title='bbox 455 2004 563 2039; x_wconf 89' lang='lat' dir='ltr'><strong>error,</strong></span> <span class='ocrx_word' id='word_1_206' title='bbox 599 2006 698 2044; x_wconf 86' lang='lat' dir='ltr'><strong>quern</strong></span> <span class='ocrx_word' id='word_1_207' title='bbox 736 1997 840 2033; x_wconf 86' lang='lat' dir='ltr'><strong>istam</strong></span> <span class='ocrx_word' id='word_1_208' title='bbox 878 1997 1072 2046; x_wconf 88' lang='lat' dir='ltr'><strong>opinionem</strong></span> <span class='ocrx_word' id='word_1_209' title='bbox 1104 1999 1162 2046; x_wconf 92' lang='lat' dir='ltr'><strong>qui</strong></span> <span class='ocrx_word' id='word_1_210' title='bbox 1192 2001 1393 2047; x_wconf 90' lang='lat' dir='ltr'><strong>sequuntur,</strong></span> <span class='ocrx_word' id='word_1_211' title='bbox 1432 1999 1463 2035; x_wconf 86' lang='lat' dir='ltr'><strong>si</strong></span> <span class='ocrx_word' id='word_1_212' title='bbox 1496 1999 1583 2049; x_wconf 90' lang='lat' dir='ltr'><strong>eripi</strong></span> 
     </span>
     <span class='ocr_line' id='line_1_26' title="bbox 121 2065 1582 2124; baseline 0.007 -24"><span class='ocrx_word' id='word_1_213' title='bbox 121 2065 187 2101; x_wconf 90' lang='lat' dir='ltr'><strong>sibi</strong></span> <span class='ocrx_word' id='word_1_214' title='bbox 214 2066 398 2114; x_wconf 88' lang='lat' dir='ltr'><strong>patiantur,</strong></span> <span class='ocrx_word' id='word_1_215' title='bbox 427 2079 497 2104; x_wconf 90' lang='lat' dir='ltr'><strong>non</strong></span> <span class='ocrx_word' id='word_1_216' title='bbox 527 2066 656 2113; x_wconf 85' lang='lat' dir='ltr'><strong>dubito,</strong></span> <span class='ocrx_word' id='word_1_217' title='bbox 686 2071 767 2118; x_wconf 91' lang='lat' dir='ltr'><strong>quin</strong></span> <span class='ocrx_word' id='word_1_218' title='bbox 786 2070 1020 2119; x_wconf 84' lang='lat' dir='ltr'><strong>praeiudicata</strong></span> <span class='ocrx_word' id='word_1_219' title='bbox 1042 2074 1202 2120; x_wconf 89' lang='lat' dir='ltr'><strong>opinione</strong></span> <span class='ocrx_word' id='word_1_220' title='bbox 1226 2084 1265 2108; x_wconf 93' lang='lat' dir='ltr'><strong>se</strong></span> <span class='ocrx_word' id='word_1_221' title='bbox 1294 2073 1402 2109; x_wconf 87' lang='lat' dir='ltr'><strong>teneri</strong></span> <span class='ocrx_word' id='word_1_222' title='bbox 1431 2075 1582 2124; x_wconf 83' lang='lat' dir='ltr'><strong>ingenue</strong></span> 
     </span>
     <span class='ocr_line' id='line_1_27' title="bbox 119 2137 1582 2196; baseline 0.008 -24"><span class='ocrx_word' id='word_1_223' title='bbox 119 2137 311 2174; x_wconf 76' lang='lat' dir='ltr'><strong>confessuri</strong></span> <span class='ocrx_word' id='word_1_224' title='bbox 349 2140 420 2177; x_wconf 90' lang='lat' dir='ltr'><strong>sint</strong></span> <span class='ocrx_word' id='word_1_225' title='bbox 464 2139 508 2177; x_wconf 89' lang='lat' dir='ltr'><strong>ad</strong></span> <span class='ocrx_word' id='word_1_226' title='bbox 545 2153 650 2179; x_wconf 93' lang='lat' dir='ltr'><strong>unum</strong></span> <span class='ocrx_word' id='word_1_227' title='bbox 689 2155 822 2181; x_wconf 80' lang='lat' dir='ltr'><strong>omnes,</strong></span> <span class='ocrx_word' id='word_1_228' title='bbox 891 2143 978 2182; x_wconf 92' lang='lat' dir='ltr'><strong>Cum</strong></span> <span class='ocrx_word' id='word_1_229' title='bbox 1017 2144 1280 2196; x_wconf 89' lang='lat' dir='ltr'><strong>Gregorius</strong></span> <span class='ocrx_word' id='word_1_230' title='bbox 1318 2144 1582 2183; x_wconf 80' lang='lat' dir='ltr'><strong>Haloander</strong></span> 
     </span>
     <span class='ocr_line' id='line_1_28' title="bbox 120 2208 1580 2272; baseline 0.006 -25"><span class='ocrx_word' id='word_1_231' title='bbox 120 2223 207 2247; x_wconf 87' lang='lat' dir='ltr'><strong>anno</strong></span> <span class='ocrx_word' id='word_1_232' title='bbox 235 2224 269 2261; x_wconf 88' lang='lat' dir='ltr'><strong>p.</strong></span> <span class='ocrx_word' id='word_1_233' title='bbox 301 2210 383 2251; x_wconf 90' lang='lat' dir='ltr'><strong>Chr.</strong></span> <span class='ocrx_word' id='word_1_234' title='bbox 420 2218 537 2251; x_wconf 91' lang='lat' dir='ltr'><strong>natum</strong></span> <span class='ocrx_word' id='word_1_235' title='bbox 576 2208 794 2272; x_wconf 70' lang='lat' dir='ltr'><strong>MDXXXL</strong></span> <span class='ocrx_word' id='word_1_236' title='bbox 832 2224 865 2255; x_wconf 91' lang='lat' dir='ltr'><strong>et</strong></span> <span class='ocrx_word' id='word_1_237' title='bbox 904 2218 1133 2256; x_wconf 86' lang='lat' dir='ltr'><strong>Henricus</strong></span> <span class='ocrx_word' id='word_1_238' title='bbox 1172 2218 1460 2272; x_wconf 84' lang='lat' dir='ltr'><strong>Scrimgerus</strong></span> <span class='ocrx_word' id='word_1_239' title='bbox 1490 2231 1580 2256; x_wconf 87' lang='lat' dir='ltr'><strong>anno</strong></span> 
     </span>
     <span class='ocr_line' id='line_1_29' title="bbox 120 2271 1580 2345; baseline 0.007 -26"><span class='ocrx_word' id='word_1_240' title='bbox 120 2283 329 2323; x_wconf 86' lang='lat' dir='ltr'><strong>MDLVIII.</strong></span> <span class='ocrx_word' id='word_1_241' title='bbox 359 2287 568 2326; x_wconf 85' lang='lat' dir='ltr'><strong>Graecarum</strong></span> <span class='ocrx_word' id='word_1_242' title='bbox 587 2289 813 2328; x_wconf 81' lang='lat' dir='ltr'><strong>Novellaruui</strong></span> <span class='ocrx_word' id='word_1_243' title='bbox 830 2298 1028 2331; x_wconf 80' lang='lat' dir='ltr'><strong>contextum</strong></span> <span class='ocrx_word' id='word_1_244' title='bbox 1043 2271 1172 2345; x_wconf 81' lang='lat' dir='ltr'><strong>publici</strong></span> <span class='ocrx_word' id='word_1_245' title='bbox 1201 2296 1289 2332; x_wconf 86' lang='lat' dir='ltr'><strong>iuris</strong></span> <span class='ocrx_word' id='word_1_246' title='bbox 1318 2294 1483 2340; x_wconf 84' lang='lat' dir='ltr'><strong>facerent,</strong></span> <span class='ocrx_word' id='word_1_247' title='bbox 1511 2294 1580 2329; x_wconf 89' lang='lat' dir='ltr'><strong>sin-</strong></span> 
     </span>
     <span class='ocr_line' id='line_1_30' title="bbox 121 2358 1580 2419; baseline 0.008 -26"><span class='ocrx_word' id='word_1_248' title='bbox 121 2358 279 2407; x_wconf 85' lang='lat' dir='ltr'><strong>gularum</strong></span> <span class='ocrx_word' id='word_1_249' title='bbox 299 2363 578 2401; x_wconf 87' lang='lat' dir='ltr'><strong>constitutionum</strong></span> <span class='ocrx_word' id='word_1_250' title='bbox 598 2365 910 2415; x_wconf 84' lang='lat' dir='ltr'><strong>componendarum</strong></span> <span class='ocrx_word' id='word_1_251' title='bbox 927 2366 1262 2419; x_wconf 79' lang='lat' dir='ltr'><strong>ordinandarumque</strong></span> <span class='ocrx_word' id='word_1_252' title='bbox 1278 2370 1447 2407; x_wconf 88' lang='lat' dir='ltr'><strong>rationem</strong></span> <span class='ocrx_word' id='word_1_253' title='bbox 1465 2366 1508 2404; x_wconf 85' lang='lat' dir='ltr'><strong>ad</strong></span> <span class='ocrx_word' id='word_1_254' title='bbox 1526 2380 1580 2405; x_wconf 91' lang='lat' dir='ltr'><strong>co-</strong></span> 
     </span>
     <span class='ocr_line' id='line_1_31' title="bbox 121 2430 1579 2493; baseline 0.007 -25"><span class='ocrx_word' id='word_1_255' title='bbox 121 2430 253 2478; x_wconf 85' lang='lat' dir='ltr'><strong>dicum,</strong></span> <span class='ocrx_word' id='word_1_256' title='bbox 291 2435 414 2483; x_wconf 91' lang='lat' dir='ltr'><strong>quibus</strong></span> <span class='ocrx_word' id='word_1_257' title='bbox 441 2440 498 2474; x_wconf 89' lang='lat' dir='ltr'><strong>usi</strong></span> <span class='ocrx_word' id='word_1_258' title='bbox 527 2442 620 2483; x_wconf 89' lang='lat' dir='ltr'><strong>sunt,</strong></span> <span class='ocrx_word' id='word_1_259' title='bbox 648 2437 750 2483; x_wconf 80' lang='lat' dir='ltr'><strong>fidem</strong></span> <span class='ocrx_word' id='word_1_260' title='bbox 780 2454 849 2478; x_wconf 91' lang='lat' dir='ltr'><strong>non</strong></span> <span class='ocrx_word' id='word_1_261' title='bbox 877 2453 988 2490; x_wconf 89' lang='lat' dir='ltr'><strong>usque</strong></span> <span class='ocrx_word' id='word_1_262' title='bbox 1018 2440 1103 2479; x_wconf 85' lang='lat' dir='ltr'><strong>adeo</strong></span> <span class='ocrx_word' id='word_1_263' title='bbox 1134 2446 1399 2493; x_wconf 83' lang='lat' dir='ltr'><strong>expresserunt,</strong></span> <span class='ocrx_word' id='word_1_264' title='bbox 1435 2446 1475 2478; x_wconf 92' lang='lat' dir='ltr'><strong>ut</strong></span> <span class='ocrx_word' id='word_1_265' title='bbox 1509 2454 1579 2479; x_wconf 90' lang='lat' dir='ltr'><strong>non</strong></span> 
     </span>
     <span class='ocr_line' id='line_1_32' title="bbox 122 2496 1578 2554; baseline 0.008 -13"><span class='ocrx_word' id='word_1_266' title='bbox 122 2504 300 2554; x_wconf 88' lang='lat' dir='ltr'><strong>aliquando</strong></span> <span class='ocrx_word' id='word_1_267' title='bbox 320 2520 342 2544; x_wconf 93' lang='lat' dir='ltr'><strong>a</strong></span> <span class='ocrx_word' id='word_1_268' title='bbox 358 2496 520 2548; x_wconf 86' lang='lat' dir='ltr'><strong>librorum</strong></span> <span class='ocrx_word' id='word_1_269' title='bbox 552 2524 657 2549; x_wconf 86' lang='lat' dir='ltr'><strong>manu</strong></span> <span class='ocrx_word' id='word_1_270' title='bbox 685 2523 907 2552; x_wconf 86' lang='lat' dir='ltr'><strong>exaratorum</strong></span> <span class='ocrx_word' id='word_1_271' title='bbox 936 2518 1142 2553; x_wconf 86' lang='lat' dir='ltr'><strong>auctoritate</strong></span> <span class='ocrx_word' id='word_1_272' title='bbox 1169 2514 1398 2553; x_wconf 88' lang='lat' dir='ltr'><strong>recedendum</strong></span> <span class='ocrx_word' id='word_1_273' title='bbox 1416 2516 1484 2553; x_wconf 87' lang='lat' dir='ltr'><strong>sibi</strong></span> <span class='ocrx_word' id='word_1_274' title='bbox 1500 2528 1578 2554; x_wconf 89' lang='lat' dir='ltr'><strong>esse</strong></span> 
     </span>
     <span class='ocr_line' id='line_1_33' title="bbox 122 2581 1578 2634; baseline 0.01 -21"><span class='ocrx_word' id='word_1_275' title='bbox 122 2582 323 2625; x_wconf 82' lang='lat' dir='ltr'><strong>putaverint.</strong></span> <span class='ocrx_word' id='word_1_276' title='bbox 379 2581 422 2619; x_wconf 84' lang='lat' dir='ltr'><strong>ld</strong></span> <span class='ocrx_word' id='word_1_277' title='bbox 442 2584 459 2621; x_wconf 91' lang='grc' dir='ltr'><strong>Ι</strong></span> <span class='ocrx_word' id='word_1_278' title='bbox 467 2586 631 2622; x_wconf 89' lang='lat' dir='ltr'><strong>acobus</strong></span> <span class='ocrx_word' id='word_1_279' title='bbox 660 2586 880 2624; x_wconf 89' lang='lat' dir='ltr'><strong>Cuiacius</strong></span> <span class='ocrx_word' id='word_1_280' title='bbox 905 2601 982 2624; x_wconf 90' lang='lat' dir='ltr'><strong>cum</strong></span> <span class='ocrx_word' id='word_1_281' title='bbox 999 2589 1311 2634; x_wconf 86' lang='lat' dir='ltr'><strong>animadvertisset,</strong></span> <span class='ocrx_word' id='word_1_282' title='bbox 1330 2591 1367 2626; x_wconf 90' lang='lat' dir='ltr'><strong>in</strong></span> <span class='ocrx_word' id='word_1_283' title='bbox 1381 2588 1578 2628; x_wconf 78' lang='lat' dir='ltr'><strong>adornanda</strong></span> 
     </span>
     <span class='ocr_line' id='line_1_34' title="bbox 122 2647 1577 2716; baseline 0.012 -31"><span class='ocrx_word' id='word_1_284' title='bbox 122 2647 344 2690; x_wconf 87' lang='lat' dir='ltr'><strong>Novellarum</strong></span> <span class='ocrx_word' id='word_1_285' title='bbox 373 2658 599 2706; x_wconf 84' lang='lat' dir='ltr'><strong>expositione,</strong></span> <span class='ocrx_word' id='word_1_286' title='bbox 627 2672 716 2710; x_wconf 87' lang='lat' dir='ltr'><strong>quae</strong></span> <span class='ocrx_word' id='word_1_287' title='bbox 745 2672 834 2698; x_wconf 90' lang='lat' dir='ltr'><strong>anno</strong></span> <span class='ocrx_word' id='word_1_288' title='bbox 864 2660 1068 2700; x_wconf 82' lang='lat' dir='ltr'>MDLXIX</span> <span class='ocrx_word' id='word_1_289' title='bbox 1088 2666 1236 2714; x_wconf 88' lang='lat' dir='ltr'><strong>primum</strong></span> <span class='ocrx_word' id='word_1_290' title='bbox 1264 2662 1401 2714; x_wconf 88' lang='lat' dir='ltr'><strong>prodiit,</strong></span> <span class='ocrx_word' id='word_1_291' title='bbox 1428 2663 1464 2702; x_wconf 87' lang='lat' dir='ltr'><strong>id</strong></span> <span class='ocrx_word' id='word_1_292' title='bbox 1493 2666 1577 2716; x_wconf 86' lang='lat' dir='ltr'><strong>egit,</strong></span> 
     </span>
     <span class='ocr_line' id='line_1_35' title="bbox 124 2729 1619 2790; baseline 0.012 -31"><span class='ocrx_word' id='word_1_293' title='bbox 124 2729 164 2760; x_wconf 91' lang='lat' dir='ltr'><strong>ut</strong></span> <span class='ocrx_word' id='word_1_294' title='bbox 192 2730 319 2764; x_wconf 91' lang='lat' dir='ltr'><strong>certum</strong></span> <span class='ocrx_word' id='word_1_295' title='bbox 348 2730 558 2769; x_wconf 88' lang='lat' dir='ltr'><strong>rubricarum</strong></span> <span class='ocrx_word' id='word_1_296' title='bbox 585 2732 753 2781; x_wconf 88' lang='lat' dir='ltr'><strong>indicem,</strong></span> <span class='ocrx_word' id='word_1_297' title='bbox 790 2747 890 2785; x_wconf 91' lang='lat' dir='ltr'><strong>quem</strong></span> <span class='ocrx_word' id='word_1_298' title='bbox 930 2741 1146 2788; x_wconf 88' lang='lat' dir='ltr'><strong>sequeretur,</strong></span> <span class='ocrx_word' id='word_1_299' title='bbox 1184 2739 1394 2789; x_wconf 85' lang='lat' dir='ltr'><strong>anquireret,</strong></span> <span class='ocrx_word' id='word_1_300' title='bbox 1432 2751 1576 2790; x_wconf 88' lang='lat' dir='ltr'><strong>cumque</strong></span> <span class='ocrx_word' id='word_1_301' title='bbox 1617 2741 1619 2745; x_wconf 76' lang='grc'>’</span> 
     </span>
     <span class='ocr_line' id='line_1_36' title="bbox 124 2797 1575 2868; baseline 0.013 -35"><span class='ocrx_word' id='word_1_302' title='bbox 124 2799 159 2835; x_wconf 91' lang='lat' dir='ltr'><strong>in</strong></span> <span class='ocrx_word' id='word_1_303' title='bbox 181 2797 333 2850; x_wconf 83' lang='lat' dir='ltr'><strong>Reginae</strong></span> <span class='ocrx_word' id='word_1_304' title='bbox 362 2803 565 2844; x_wconf 81' lang='lat' dir='ltr'><strong>bibliotheca</strong></span> <span class='ocrx_word' id='word_1_305' title='bbox 591 2807 839 2858; x_wconf 81' lang='lat' dir='ltr'><strong>perscrutanda</strong></span> <span class='ocrx_word' id='word_1_306' title='bbox 866 2811 903 2848; x_wconf 93' lang='lat' dir='ltr'><strong>in</strong></span> <span class='ocrx_word' id='word_1_307' title='bbox 934 2821 1012 2849; x_wconf 89' lang='lat' dir='ltr'><strong>eum</strong></span> <span class='ocrx_word' id='word_1_308' title='bbox 1026 2809 1261 2868; x_wconf 53' lang='lat' dir='ltr'><strong>Novellarum‘</strong></span> <span class='ocrx_word' id='word_1_309' title='bbox 1282 2812 1444 2862; x_wconf 85' lang='lat' dir='ltr'><strong>codicem,</strong></span> <span class='ocrx_word' id='word_1_310' title='bbox 1474 2826 1575 2865; x_wconf 87' lang='lat' dir='ltr'><strong>quem</strong></span> 
     </span>
    </p>
   </div>
  </div>
 </body>
</html>
