<?xml version="1.0" encoding="UTF-8"?>
<!DOCTYPE html PUBLIC "-//W3C//DTD XHTML 1.0 Transitional//EN"
    "http://www.w3.org/TR/xhtml1/DTD/xhtml1-transitional.dtd">
<html xmlns="http://www.w3.org/1999/xhtml" xml:lang="en" lang="en">
 <head>
  <title>
</title>
<meta http-equiv="Content-Type" content="text/html;charset=utf-8" />
  <meta name='ocr-system' content='tesseract 3.04.00' />
  <meta name='ocr-capabilities' content='ocr_page ocr_carea ocr_par ocr_line ocrx_word'/>
</head>
<body>
  <div class='ocr_page' id='page_1' title='image "4622885_0035.png"; bbox 0 0 1753 3215; ppageno 0'>
   <div class='ocr_carea' id='block_1_1' title="bbox 843 249 902 307">
    <p class='ocr_par' dir='ltr' id='par_1_1' title="bbox 843 249 902 307">
     <span class='ocr_line' id='line_1_1' title="bbox 843 249 902 307; baseline 0 0"><span class='ocrx_word' id='word_1_1' title='bbox 843 249 902 307; x_wconf 70' lang='lat'><strong>29</strong></span> 
     </span>
    </p>
   </div>
   <div class='ocr_carea' id='block_1_2' title="bbox 130 371 1613 1025">
    <p class='ocr_par' dir='ltr' id='par_1_2' title="bbox 130 371 1613 1025">
     <span class='ocr_line' id='line_1_2' title="bbox 142 371 1613 433; baseline 0.001 -17"><span class='ocrx_word' id='word_1_2' title='bbox 142 379 253 416; x_wconf 80' lang='lat' dir='ltr'><strong>const.</strong></span> <span class='ocrx_word' id='word_1_3' title='bbox 281 372 324 414; x_wconf 78' lang='lat'><strong>4.</strong></span> <span class='ocrx_word' id='word_1_4' title='bbox 353 377 428 422; x_wconf 61' lang='grc' dir='ltr'><strong>ραις</strong></span> <span class='ocrx_word' id='word_1_5' title='bbox 464 371 558 415; x_wconf 81' lang='lat' dir='ltr'><strong>Nov.</strong></span> <span class='ocrx_word' id='word_1_6' title='bbox 585 372 654 416; x_wconf 87' lang='lat'><strong>98.</strong></span> <span class='ocrx_word' id='word_1_7' title='bbox 683 372 773 430; x_wconf 78' lang='lat' dir='ltr'><strong>(An.</strong></span> <span class='ocrx_word' id='word_1_8' title='bbox 804 392 838 431; x_wconf 86' lang='lat' dir='ltr'><strong>p.</strong></span> <span class='ocrx_word' id='word_1_9' title='bbox 866 374 983 433; x_wconf 83' lang='grc'><strong>235.)</strong></span> <span class='ocrx_word' id='word_1_10' title='bbox 1013 376 1193 420; x_wconf 76' lang='lat' dir='ltr'><strong>Theodori</strong></span> <span class='ocrx_word' id='word_1_11' title='bbox 1222 391 1257 430; x_wconf 89' lang='lat' dir='ltr'><strong>p.</strong></span> <span class='ocrx_word' id='word_1_12' title='bbox 1275 373 1346 419; x_wconf 81' lang='lat'><strong>97.</strong></span> <span class='ocrx_word' id='word_1_13' title='bbox 1375 382 1443 426; x_wconf 73' lang='lat' dir='ltr'><strong>est,</strong></span> <span class='ocrx_word' id='word_1_14' title='bbox 1471 377 1613 418; x_wconf 69' lang='lat' dir='ltr'><strong>mbr-iu</strong></span> 
     </span>
     <span class='ocr_line' id='line_1_3' title="bbox 140 447 1610 506; baseline 0.001 -15"><span class='ocrx_word' id='word_1_15' title='bbox 140 451 329 503; x_wconf 86' lang='lat' dir='ltr'><strong>Scrimgeri</strong></span> <span class='ocrx_word' id='word_1_16' title='bbox 365 463 410 489; x_wconf 80' lang='lat' dir='ltr'><strong>ex</strong></span> <span class='ocrx_word' id='word_1_17' title='bbox 436 447 568 492; x_wconf 85' lang='lat' dir='ltr'><strong>Athan.</strong></span> <span class='ocrx_word' id='word_1_18' title='bbox 598 453 653 491; x_wconf 87' lang='lat' dir='ltr'><strong>tit.</strong></span> <span class='ocrx_word' id='word_1_19' title='bbox 686 450 752 491; x_wconf 88' lang='grc'><strong>10.</strong></span> <span class='ocrx_word' id='word_1_20' title='bbox 781 459 891 493; x_wconf 90' lang='lat' dir='ltr'><strong>const.</strong></span> <span class='ocrx_word' id='word_1_21' title='bbox 921 453 961 494; x_wconf 92' lang='lat'><strong>7.</strong></span> <span class='ocrx_word' id='word_1_22' title='bbox 990 454 1118 493; x_wconf 88' lang='lat' dir='ltr'><strong>hausta</strong></span> <span class='ocrx_word' id='word_1_23' title='bbox 1146 459 1218 501; x_wconf 84' lang='lat' dir='ltr'><strong>est3</strong></span> <span class='ocrx_word' id='word_1_24' title='bbox 1255 453 1350 494; x_wconf 88' lang='lat' dir='ltr'><strong>Nov.</strong></span> <span class='ocrx_word' id='word_1_25' title='bbox 1390 453 1486 494; x_wconf 79' lang='lat'><strong>127.</strong></span> <span class='ocrx_word' id='word_1_26' title='bbox 1515 450 1610 506; x_wconf 80' lang='lat' dir='ltr'><strong>(An.</strong></span> 
     </span>
     <span class='ocr_line' id='line_1_4' title="bbox 138 522 1605 582; baseline 0.004 -18"><span class='ocrx_word' id='word_1_27' title='bbox 138 540 174 577; x_wconf 90' lang='lat' dir='ltr'><strong>p.</strong></span> <span class='ocrx_word' id='word_1_28' title='bbox 205 522 320 576; x_wconf 87' lang='grc'><strong>237.)</strong></span> <span class='ocrx_word' id='word_1_29' title='bbox 350 523 526 564; x_wconf 88' lang='lat' dir='ltr'><strong>Theodori</strong></span> <span class='ocrx_word' id='word_1_30' title='bbox 555 540 590 577; x_wconf 87' lang='lat' dir='ltr'><strong>p.</strong></span> <span class='ocrx_word' id='word_1_31' title='bbox 621 522 717 566; x_wconf 82' lang='lat'><strong>135.</strong></span> <span class='ocrx_word' id='word_1_32' title='bbox 747 532 821 576; x_wconf 84' lang='lat' dir='ltr'><strong>est,</strong></span> <span class='ocrx_word' id='word_1_33' title='bbox 858 528 1048 582; x_wconf 83' lang='lat' dir='ltr'><strong>Scrimgeri</strong></span> <span class='ocrx_word' id='word_1_34' title='bbox 1079 530 1159 567; x_wconf 90' lang='lat' dir='ltr'><strong>fons</strong></span> <span class='ocrx_word' id='word_1_35' title='bbox 1189 531 1352 581; x_wconf 83' lang='lat' dir='ltr'><strong>ignotus;</strong></span> <span class='ocrx_word' id='word_1_36' title='bbox 1381 528 1477 568; x_wconf 86' lang='lat' dir='ltr'><strong>Nov.</strong></span> <span class='ocrx_word' id='word_1_37' title='bbox 1508 526 1605 570; x_wconf 81' lang='lat'><strong>137.</strong></span> 
     </span>
     <span class='ocr_line' id='line_1_5' title="bbox 140 596 1605 655; baseline 0.003 -18"><span class='ocrx_word' id='word_1_38' title='bbox 140 597 230 652; x_wconf 84' lang='lat' dir='ltr'><strong>(An.</strong></span> <span class='ocrx_word' id='word_1_39' title='bbox 258 612 293 651; x_wconf 90' lang='lat' dir='ltr'><strong>p.</strong></span> <span class='ocrx_word' id='word_1_40' title='bbox 322 597 436 653; x_wconf 88' lang='grc'><strong>237.)</strong></span> <span class='ocrx_word' id='word_1_41' title='bbox 475 598 518 638; x_wconf 91' lang='lat' dir='ltr'><strong>ad</strong></span> <span class='ocrx_word' id='word_1_42' title='bbox 548 599 772 649; x_wconf 89' lang='lat' dir='ltr'><strong>Theodorum</strong></span> <span class='ocrx_word' id='word_1_43' title='bbox 805 617 839 655; x_wconf 87' lang='lat' dir='ltr'><strong>p.</strong></span> <span class='ocrx_word' id='word_1_44' title='bbox 871 601 965 643; x_wconf 90' lang='lat'><strong>151.</strong></span> <span class='ocrx_word' id='word_1_45' title='bbox 995 604 1159 649; x_wconf 84' lang='lat' dir='ltr'><strong>refertur,</strong></span> <span class='ocrx_word' id='word_1_46' title='bbox 1200 615 1279 640; x_wconf 90' lang='lat' dir='ltr'><strong>cum</strong></span> <span class='ocrx_word' id='word_1_47' title='bbox 1307 601 1530 654; x_wconf 83' lang='lat' dir='ltr'><strong>Scrimgerus</strong></span> <span class='ocrx_word' id='word_1_48' title='bbox 1559 596 1605 641; x_wconf 80' lang='lat' dir='ltr'><strong>ex</strong></span> 
     </span>
     <span class='ocr_line' id='line_1_6' title="bbox 136 672 1602 729; baseline 0.002 -17"><span class='ocrx_word' id='word_1_49' title='bbox 136 672 267 713; x_wconf 85' lang='lat' dir='ltr'><strong>Athan.</strong></span> <span class='ocrx_word' id='word_1_50' title='bbox 277 676 330 714; x_wconf 89' lang='lat' dir='ltr'><strong>tit.</strong></span> <span class='ocrx_word' id='word_1_51' title='bbox 340 673 378 713; x_wconf 89' lang='lat'><strong>1.</strong></span> <span class='ocrx_word' id='word_1_52' title='bbox 389 673 577 714; x_wconf 88' lang='lat' dir='ltr'><strong>const.17.</strong></span> <span class='ocrx_word' id='word_1_53' title='bbox 588 673 759 724; x_wconf 83' lang='lat' dir='ltr'><strong>hauserit3</strong></span> <span class='ocrx_word' id='word_1_54' title='bbox 776 675 869 716; x_wconf 84' lang='lat' dir='ltr'><strong>Nov.</strong></span> <span class='ocrx_word' id='word_1_55' title='bbox 885 675 977 716; x_wconf 84' lang='lat'><strong>139.</strong></span> <span class='ocrx_word' id='word_1_56' title='bbox 991 675 1080 726; x_wconf 81' lang='lat' dir='ltr'><strong>(An.</strong></span> <span class='ocrx_word' id='word_1_57' title='bbox 1090 691 1125 728; x_wconf 89' lang='lat' dir='ltr'><strong>p.</strong></span> <span class='ocrx_word' id='word_1_58' title='bbox 1140 673 1256 729; x_wconf 82' lang='lat'><strong>235.)</strong></span> <span class='ocrx_word' id='word_1_59' title='bbox 1268 675 1447 716; x_wconf 85' lang='lat' dir='ltr'><strong>Theodori</strong></span> <span class='ocrx_word' id='word_1_60' title='bbox 1457 690 1494 728; x_wconf 89' lang='lat' dir='ltr'><strong>p.</strong></span> <span class='ocrx_word' id='word_1_61' title='bbox 1506 673 1602 716; x_wconf 80' lang='lat'><strong>153.</strong></span> 
     </span>
     <span class='ocr_line' id='line_1_7' title="bbox 135 746 1602 804; baseline 0.002 -17"><span class='ocrx_word' id='word_1_62' title='bbox 135 750 305 787; x_wconf 80' lang='lat' dir='ltr'>rubricam</span> <span class='ocrx_word' id='word_1_63' title='bbox 333 750 462 796; x_wconf 87' lang='lat' dir='ltr'><strong>retulit,</strong></span> <span class='ocrx_word' id='word_1_64' title='bbox 489 749 680 803; x_wconf 86' lang='lat' dir='ltr'><strong>Scrimgeri</strong></span> <span class='ocrx_word' id='word_1_65' title='bbox 707 751 786 790; x_wconf 83' lang='lat' dir='ltr'><strong>fons</strong></span> <span class='ocrx_word' id='word_1_66' title='bbox 813 754 987 804; x_wconf 48' lang='lat' dir='ltr'><strong>ignotus3*</strong></span> <span class='ocrx_word' id='word_1_67' title='bbox 1006 750 1101 789; x_wconf 79' lang='lat' dir='ltr'><strong>Nov.</strong></span> <span class='ocrx_word' id='word_1_68' title='bbox 1134 746 1230 789; x_wconf 82' lang='lat'><strong>154.</strong></span> <span class='ocrx_word' id='word_1_69' title='bbox 1259 746 1348 802; x_wconf 88' lang='lat' dir='ltr'><strong>(An.</strong></span> <span class='ocrx_word' id='word_1_70' title='bbox 1365 764 1399 802; x_wconf 90' lang='lat' dir='ltr'><strong>p.</strong></span> <span class='ocrx_word' id='word_1_71' title='bbox 1422 748 1525 803; x_wconf 85' lang='grc'><strong>236)</strong></span> <span class='ocrx_word' id='word_1_72' title='bbox 1555 763 1602 790; x_wconf 86' lang='lat' dir='ltr'><strong>ex</strong></span> 
     </span>
     <span class='ocr_line' id='line_1_8' title="bbox 135 820 1599 877; baseline 0.001 -15"><span class='ocrx_word' id='word_1_73' title='bbox 135 822 321 863; x_wconf 88' lang='lat' dir='ltr'><strong>Theodoro</strong></span> <span class='ocrx_word' id='word_1_74' title='bbox 347 837 383 875; x_wconf 90' lang='lat' dir='ltr'><strong>p.</strong></span> <span class='ocrx_word' id='word_1_75' title='bbox 414 820 509 863; x_wconf 82' lang='lat'><strong>159.</strong></span> <span class='ocrx_word' id='word_1_76' title='bbox 537 822 684 862; x_wconf 89' lang='lat' dir='ltr'><strong>deducta</strong></span> <span class='ocrx_word' id='word_1_77' title='bbox 711 830 775 871; x_wconf 90' lang='lat' dir='ltr'><strong>est,</strong></span> <span class='ocrx_word' id='word_1_78' title='bbox 802 824 988 877; x_wconf 84' lang='lat' dir='ltr'><strong>Scrimgeri</strong></span> <span class='ocrx_word' id='word_1_79' title='bbox 1017 824 1184 863; x_wconf 79' lang='lat' dir='ltr'><strong>de‘fonte</strong></span> <span class='ocrx_word' id='word_1_80' title='bbox 1211 825 1313 877; x_wconf 87' lang='lat' dir='ltr'><strong>plane</strong></span> <span class='ocrx_word' id='word_1_81' title='bbox 1351 837 1420 863; x_wconf 87' lang='lat' dir='ltr'><strong>non</strong></span> <span class='ocrx_word' id='word_1_82' title='bbox 1450 829 1599 865; x_wconf 84' lang='lat' dir='ltr'><strong>constat.</strong></span> 
     </span>
     <span class='ocr_line' id='line_1_9' title="bbox 132 882 1598 950; baseline 0 -12"><span class='ocrx_word' id='word_1_83' title='bbox 132 899 216 938; x_wconf 88' lang='lat' dir='ltr'><strong>Non</strong></span> <span class='ocrx_word' id='word_1_84' title='bbox 244 905 360 938; x_wconf 87' lang='lat' dir='ltr'><strong>tamen</strong></span> <span class='ocrx_word' id='word_1_85' title='bbox 387 899 553 944; x_wconf 89' lang='lat' dir='ltr'><strong>rubricas,</strong></span> <span class='ocrx_word' id='word_1_86' title='bbox 583 902 685 948; x_wconf 91' lang='lat' dir='ltr'><strong>prout</strong></span> <span class='ocrx_word' id='word_1_87' title='bbox 712 898 803 950; x_wconf 90' lang='lat' dir='ltr'><strong>apud</strong></span> <span class='ocrx_word' id='word_1_88' title='bbox 831 898 1054 937; x_wconf 87' lang='lat' dir='ltr'><strong>Theodorum</strong></span> <span class='ocrx_word' id='word_1_89' title='bbox 1084 898 1273 945; x_wconf 85' lang='lat' dir='ltr'><strong>habentur,</strong></span> <span class='ocrx_word' id='word_1_90' title='bbox 1301 907 1422 937; x_wconf 86' lang='lat' dir='ltr'><strong>noster</strong></span> <span class='ocrx_word' id='word_1_91' title='bbox 1449 882 1598 950; x_wconf 81' lang='lat' dir='ltr'><strong>scriptor</strong></span> 
     </span>
     <span class='ocr_line' id='line_1_10' title="bbox 130 970 1594 1025; baseline -0.001 -13"><span class='ocrx_word' id='word_1_92' title='bbox 130 975 258 1025; x_wconf 87' lang='lat' dir='ltr'><strong>ubique</strong></span> <span class='ocrx_word' id='word_1_93' title='bbox 285 973 449 1025; x_wconf 81' lang='lat' dir='ltr'>religiose</span> <span class='ocrx_word' id='word_1_94' title='bbox 476 973 637 1018; x_wconf 89' lang='lat' dir='ltr'><strong>retinuit,</strong></span> <span class='ocrx_word' id='word_1_95' title='bbox 673 970 735 1009; x_wconf 89' lang='lat' dir='ltr'><strong>sed</strong></span> <span class='ocrx_word' id='word_1_96' title='bbox 763 972 957 1023; x_wconf 90' lang='lat' dir='ltr'><strong>aliquando,</strong></span> <span class='ocrx_word' id='word_1_97' title='bbox 995 986 1071 1011; x_wconf 89' lang='lat' dir='ltr'><strong>cum</strong></span> <span class='ocrx_word' id='word_1_98' title='bbox 1101 976 1138 1011; x_wconf 89' lang='lat' dir='ltr'><strong>in</strong></span> <span class='ocrx_word' id='word_1_99' title='bbox 1167 986 1270 1012; x_wconf 92' lang='lat' dir='ltr'><strong>usum</strong></span> <span class='ocrx_word' id='word_1_100' title='bbox 1299 978 1451 1011; x_wconf 86' lang='lat' dir='ltr'><strong>verteret</strong></span> <span class='ocrx_word' id='word_1_101' title='bbox 1479 986 1594 1019; x_wconf 91' lang='lat' dir='ltr'><strong>suum,</strong></span> 
     </span>
    </p>
   </div>
   <div class='ocr_carea' id='block_1_3' title="bbox 742 310 1012 317">
    <p class='ocr_par' dir='ltr' id='par_1_3' title="bbox 742 310 1012 317">
     <span class='ocr_line' id='line_1_11' title="bbox 742 310 1012 317; baseline 0 2898"><span class='ocrx_word' id='word_1_102' title='bbox 742 310 1012 317; x_wconf 95' lang='lat' dir='ltr'><strong> </strong></span> 
     </span>
    </p>
   </div>
   <div class='ocr_carea' id='block_1_4' title="bbox 117 1046 1593 2421">
    <p class='ocr_par' dir='ltr' id='par_1_4' title="bbox 117 1046 1593 2283">
     <span class='ocr_line' id='line_1_12' title="bbox 130 1046 1593 1097; baseline 0 -12"><span class='ocrx_word' id='word_1_103' title='bbox 130 1049 338 1092; x_wconf 85' lang='lat' dir='ltr'><strong>immutavit,</strong></span> <span class='ocrx_word' id='word_1_104' title='bbox 365 1050 406 1083; x_wconf 91' lang='lat' dir='ltr'><strong>ut</strong></span> <span class='ocrx_word' id='word_1_105' title='bbox 432 1050 557 1092; x_wconf 81' lang='lat' dir='ltr'><strong>tamen,</strong></span> <span class='ocrx_word' id='word_1_106' title='bbox 587 1058 654 1096; x_wconf 90' lang='lat' dir='ltr'><strong>quo</strong></span> <span class='ocrx_word' id='word_1_107' title='bbox 684 1058 728 1083; x_wconf 87' lang='lat' dir='ltr'><strong>ex</strong></span> <span class='ocrx_word' id='word_1_108' title='bbox 757 1046 852 1085; x_wconf 88' lang='lat' dir='ltr'><strong>fonte</strong></span> <span class='ocrx_word' id='word_1_109' title='bbox 880 1046 966 1085; x_wconf 89' lang='lat' dir='ltr'><strong>haec</strong></span> <span class='ocrx_word' id='word_1_110' title='bbox 993 1050 1186 1085; x_wconf 87' lang='lat' dir='ltr'><strong>immutatio</strong></span> <span class='ocrx_word' id='word_1_111' title='bbox 1215 1047 1372 1097; x_wconf 88' lang='lat' dir='ltr'><strong>profecta</strong></span> <span class='ocrx_word' id='word_1_112' title='bbox 1399 1050 1457 1093; x_wconf 90' lang='lat' dir='ltr'><strong>sit,</strong></span> <span class='ocrx_word' id='word_1_113' title='bbox 1488 1048 1593 1085; x_wconf 79' lang='lat' dir='ltr'><strong>facile</strong></span> 
     </span>
     <span class='ocr_line' id='line_1_13' title="bbox 131 1117 1591 1171; baseline -0.001 -12"><span class='ocrx_word' id='word_1_114' title='bbox 131 1125 276 1166; x_wconf 86' lang='lat' dir='ltr'><strong>constet,</strong></span> <span class='ocrx_word' id='word_1_115' title='bbox 304 1118 407 1171; x_wconf 90' lang='lat' dir='ltr'><strong>quod,</strong></span> <span class='ocrx_word' id='word_1_116' title='bbox 434 1123 474 1157; x_wconf 94' lang='lat' dir='ltr'><strong>ut</strong></span> <span class='ocrx_word' id='word_1_117' title='bbox 502 1119 660 1170; x_wconf 88' lang='lat' dir='ltr'><strong>exemplo</strong></span> <span class='ocrx_word' id='word_1_118' title='bbox 689 1124 838 1167; x_wconf 90' lang='lat' dir='ltr'><strong>utamur,</strong></span> <span class='ocrx_word' id='word_1_119' title='bbox 866 1123 902 1158; x_wconf 86' lang='lat' dir='ltr'><strong>in</strong></span> <span class='ocrx_word' id='word_1_120' title='bbox 915 1119 1085 1158; x_wconf 75' lang='lat' dir='ltr'><strong>Novellae</strong></span> <span class='ocrx_word' id='word_1_121' title='bbox 1114 1117 1182 1158; x_wconf 82' lang='grc'><strong>58.</strong></span> <span class='ocrx_word' id='word_1_122' title='bbox 1211 1120 1347 1158; x_wconf 77' lang='lat' dir='ltr'><strong>rubrica</strong></span> <span class='ocrx_word' id='word_1_123' title='bbox 1375 1119 1467 1171; x_wconf 85' lang='lat' dir='ltr'><strong>apud</strong></span> <span class='ocrx_word' id='word_1_124' title='bbox 1499 1119 1591 1159; x_wconf 76' lang='lat' dir='ltr'><strong>Ano·</strong></span> 
     </span>
     <span class='ocr_line' id='line_1_14' title="bbox 128 1189 1589 1245; baseline 0.001 -13"><span class='ocrx_word' id='word_1_125' title='bbox 128 1207 270 1242; x_wconf 81' lang='lat' dir='ltr'><strong>nymum</strong></span> <span class='ocrx_word' id='word_1_126' title='bbox 307 1207 341 1244; x_wconf 89' lang='lat' dir='ltr'><strong>p.</strong></span> <span class='ocrx_word' id='word_1_127' title='bbox 372 1189 467 1231; x_wconf 82' lang='grc'><strong>235.</strong></span> <span class='ocrx_word' id='word_1_128' title='bbox 496 1193 606 1230; x_wconf 86' lang='lat' dir='ltr'><strong>relata</strong></span> <span class='ocrx_word' id='word_1_129' title='bbox 635 1192 770 1240; x_wconf 85' lang='lat' dir='ltr'><strong>accidit,</strong></span> <span class='ocrx_word' id='word_1_130' title='bbox 805 1206 906 1245; x_wconf 89' lang='lat' dir='ltr'><strong>quam</strong></span> <span class='ocrx_word' id='word_1_131' title='bbox 937 1207 1013 1232; x_wconf 91' lang='lat' dir='ltr'><strong>cum</strong></span> <span class='ocrx_word' id='word_1_132' title='bbox 1044 1206 1088 1232; x_wconf 79' lang='lat' dir='ltr'><strong>ex</strong></span> <span class='ocrx_word' id='word_1_133' title='bbox 1116 1192 1301 1232; x_wconf 88' lang='lat' dir='ltr'><strong>Theodoro</strong></span> <span class='ocrx_word' id='word_1_134' title='bbox 1340 1207 1376 1244; x_wconf 89' lang='lat' dir='ltr'><strong>p.</strong></span> <span class='ocrx_word' id='word_1_135' title='bbox 1405 1191 1475 1235; x_wconf 85' lang='grc'><strong>65.</strong></span> <span class='ocrx_word' id='word_1_136' title='bbox 1511 1207 1589 1233; x_wconf 84' lang='lat' dir='ltr'><strong>cum</strong></span> 
     </span>
     <span class='ocr_line' id='line_1_15' title="bbox 129 1266 1590 1318; baseline 0 -13"><span class='ocrx_word' id='word_1_137' title='bbox 129 1268 247 1318; x_wconf 86' lang='lat' dir='ltr'><strong>aliqua</strong></span> <span class='ocrx_word' id='word_1_138' title='bbox 282 1266 463 1304; x_wconf 82' lang='lat' dir='ltr'><strong>verborum</strong></span> <span class='ocrx_word' id='word_1_139' title='bbox 491 1270 731 1304; x_wconf 76' lang='lat' dir='ltr'><strong>immutatione</strong></span> <span class='ocrx_word' id='word_1_140' title='bbox 757 1266 940 1304; x_wconf 88' lang='lat' dir='ltr'><strong>deductam</strong></span> <span class='ocrx_word' id='word_1_141' title='bbox 968 1279 1046 1304; x_wconf 86' lang='lat' dir='ltr'><strong>esse</strong></span> <span class='ocrx_word' id='word_1_142' title='bbox 1074 1268 1265 1313; x_wconf 84' lang='lat' dir='ltr'><strong>videamus,</strong></span> <span class='ocrx_word' id='word_1_143' title='bbox 1294 1280 1371 1304; x_wconf 87' lang='lat' dir='ltr'><strong>cum</strong></span> <span class='ocrx_word' id='word_1_144' title='bbox 1402 1267 1590 1306; x_wconf 82' lang='lat' dir='ltr'><strong>Athanasii</strong></span> 
     </span>
     <span class='ocr_line' id='line_1_16' title="bbox 128 1338 1589 1393; baseline 0.001 -14"><span class='ocrx_word' id='word_1_145' title='bbox 128 1343 183 1381; x_wconf 87' lang='lat' dir='ltr'><strong>tit.</strong></span> <span class='ocrx_word' id='word_1_146' title='bbox 215 1340 253 1380; x_wconf 93' lang='lat' dir='ltr'><strong>l.</strong></span> <span class='ocrx_word' id='word_1_147' title='bbox 284 1345 394 1379; x_wconf 82' lang='lat' dir='ltr'><strong>const.</strong></span> <span class='ocrx_word' id='word_1_148' title='bbox 423 1338 488 1387; x_wconf 90' lang='grc'><strong>6.,</strong></span> <span class='ocrx_word' id='word_1_149' title='bbox 523 1353 626 1391; x_wconf 87' lang='lat' dir='ltr'><strong>quam</strong></span> <span class='ocrx_word' id='word_1_150' title='bbox 653 1343 690 1378; x_wconf 88' lang='lat' dir='ltr'><strong>in</strong></span> <span class='ocrx_word' id='word_1_151' title='bbox 720 1340 920 1379; x_wconf 67' lang='lat' dir='ltr'><strong>collectione</strong></span> <span class='ocrx_word' id='word_1_152' title='bbox 949 1340 1149 1381; x_wconf 78' lang='lat' dir='ltr'><strong>CLXVIII.</strong></span> <span class='ocrx_word' id='word_1_153' title='bbox 1185 1340 1411 1381; x_wconf 83' lang='lat' dir='ltr'><strong>Novellarum</strong></span> <span class='ocrx_word' id='word_1_154' title='bbox 1440 1346 1589 1393; x_wconf 84' lang='lat' dir='ltr'><strong>positam</strong></span> 
     </span>
     <span class='ocr_line' id='line_1_17' title="bbox 126 1413 1589 1466; baseline 0.001 -13"><span class='ocrx_word' id='word_1_155' title='bbox 126 1414 305 1461; x_wconf 81' lang='lat' dir='ltr'><strong>videmus,</strong></span> <span class='ocrx_word' id='word_1_156' title='bbox 340 1414 443 1466; x_wconf 87' lang='lat' dir='ltr'><strong>plane</strong></span> <span class='ocrx_word' id='word_1_157' title='bbox 481 1427 551 1453; x_wconf 92' lang='lat' dir='ltr'><strong>non</strong></span> <span class='ocrx_word' id='word_1_158' title='bbox 588 1415 760 1452; x_wconf 87' lang='lat' dir='ltr'><strong>convenit.</strong></span> <span class='ocrx_word' id='word_1_159' title='bbox 825 1413 983 1464; x_wconf 88' lang='lat' dir='ltr'><strong>Denique</strong></span> <span class='ocrx_word' id='word_1_160' title='bbox 1019 1413 1105 1452; x_wconf 89' lang='lat' dir='ltr'><strong>illud</strong></span> <span class='ocrx_word' id='word_1_161' title='bbox 1133 1418 1237 1453; x_wconf 87' lang='lat' dir='ltr'><strong>tacito</strong></span> <span class='ocrx_word' id='word_1_162' title='bbox 1266 1419 1492 1466; x_wconf 85' lang='lat' dir='ltr'><strong>praetermitti</strong></span> <span class='ocrx_word' id='word_1_163' title='bbox 1518 1429 1589 1454; x_wconf 90' lang='lat' dir='ltr'><strong>non</strong></span> 
     </span>
     <span class='ocr_line' id='line_1_18' title="bbox 125 1486 1587 1542; baseline 0.001 -14"><span class='ocrx_word' id='word_1_164' title='bbox 125 1494 252 1542; x_wconf 86' lang='lat' dir='ltr'><strong>potest,</strong></span> <span class='ocrx_word' id='word_1_165' title='bbox 277 1487 367 1540; x_wconf 89' lang='lat' dir='ltr'><strong>quod</strong></span> <span class='ocrx_word' id='word_1_166' title='bbox 384 1488 527 1540; x_wconf 86' lang='lat' dir='ltr'><strong>aliquot,</strong></span> <span class='ocrx_word' id='word_1_167' title='bbox 556 1500 644 1540; x_wconf 88' lang='lat' dir='ltr'><strong>quae</strong></span> <span class='ocrx_word' id='word_1_168' title='bbox 660 1486 751 1539; x_wconf 85' lang='lat' dir='ltr'><strong>apud</strong></span> <span class='ocrx_word' id='word_1_169' title='bbox 766 1486 987 1535; x_wconf 84' lang='lat' dir='ltr'><strong>Anonymum</strong></span> <span class='ocrx_word' id='word_1_170' title='bbox 1017 1493 1174 1527; x_wconf 85' lang='lat' dir='ltr'><strong>nostrum</strong></span> <span class='ocrx_word' id='word_1_171' title='bbox 1204 1488 1332 1527; x_wconf 84' lang='lat' dir='ltr'><strong>relatae</strong></span> <span class='ocrx_word' id='word_1_172' title='bbox 1360 1494 1452 1536; x_wconf 88' lang='lat' dir='ltr'><strong>sunt,</strong></span> <span class='ocrx_word' id='word_1_173' title='bbox 1480 1491 1587 1529; x_wconf 88' lang='lat' dir='ltr'><strong>rubri—</strong></span> 
     </span>
     <span class='ocr_line' id='line_1_19' title="bbox 127 1560 1587 1612; baseline -0.001 -10"><span class='ocrx_word' id='word_1_174' title='bbox 127 1568 179 1602; x_wconf 85' lang='lat' dir='ltr'><strong>cis</strong></span> <span class='ocrx_word' id='word_1_175' title='bbox 207 1577 272 1602; x_wconf 88' lang='lat' dir='ltr'><strong>nec</strong></span> <span class='ocrx_word' id='word_1_176' title='bbox 296 1562 341 1601; x_wconf 92' lang='lat' dir='ltr'><strong>ad</strong></span> <span class='ocrx_word' id='word_1_177' title='bbox 369 1562 548 1601; x_wconf 81' lang='lat' dir='ltr'><strong>Theodori</strong></span> <span class='ocrx_word' id='word_1_178' title='bbox 575 1564 700 1601; x_wconf 88' lang='lat' dir='ltr'><strong>librum</strong></span> <span class='ocrx_word' id='word_1_179' title='bbox 737 1567 799 1600; x_wconf 91' lang='lat' dir='ltr'><strong>aut</strong></span> <span class='ocrx_word' id='word_1_180' title='bbox 826 1560 1013 1600; x_wconf 82' lang='lat' dir='ltr'><strong>Athanasii</strong></span> <span class='ocrx_word' id='word_1_181' title='bbox 1041 1566 1100 1599; x_wconf 85' lang='lat' dir='ltr'><strong>aut</strong></span> <span class='ocrx_word' id='word_1_182' title='bbox 1128 1561 1273 1612; x_wconf 87' lang='lat' dir='ltr'><strong>denique</strong></span> <span class='ocrx_word' id='word_1_183' title='bbox 1302 1561 1346 1600; x_wconf 88' lang='lat' dir='ltr'><strong>ad</strong></span> <span class='ocrx_word' id='word_1_184' title='bbox 1375 1563 1587 1602; x_wconf 83' lang='lat' dir='ltr'><strong>collectionis</strong></span> 
     </span>
     <span class='ocr_line' id='line_1_20' title="bbox 127 1617 1584 1685; baseline -0.001 -9"><span class='ocrx_word' id='word_1_185' title='bbox 127 1637 331 1677; x_wconf 83' lang='lat' dir='ltr'><strong>CLXVIII.</strong></span> <span class='ocrx_word' id='word_1_186' title='bbox 388 1636 615 1675; x_wconf 87' lang='lat' dir='ltr'><strong>Novellarum</strong></span> <span class='ocrx_word' id='word_1_187' title='bbox 645 1637 843 1674; x_wconf 87' lang='lat' dir='ltr'><strong>testimonia</strong></span> <span class='ocrx_word' id='word_1_188' title='bbox 872 1617 1067 1680; x_wconf 81' lang='lat' dir='ltr'><strong>conveniat,</strong></span> <span class='ocrx_word' id='word_1_189' title='bbox 1098 1648 1197 1685; x_wconf 89' lang='lat' dir='ltr'><strong>quam</strong></span> <span class='ocrx_word' id='word_1_190' title='bbox 1228 1635 1364 1685; x_wconf 88' lang='lat' dir='ltr'><strong>quidem</strong></span> <span class='ocrx_word' id='word_1_191' title='bbox 1392 1649 1462 1674; x_wconf 87' lang='lat' dir='ltr'><strong>rem</strong></span> <span class='ocrx_word' id='word_1_192' title='bbox 1491 1635 1584 1675; x_wconf 83' lang='lat' dir='ltr'><strong>vide·</strong></span> 
     </span>
     <span class='ocr_line' id='line_1_21' title="bbox 124 1704 1581 1761; baseline -0.001 -12"><span class='ocrx_word' id='word_1_193' title='bbox 124 1724 203 1749; x_wconf 82' lang='lat' dir='ltr'><strong>mus</strong></span> <span class='ocrx_word' id='word_1_194' title='bbox 232 1710 402 1748; x_wconf 76' lang='lat' dir='ltr'><strong>accidisse</strong></span> <span class='ocrx_word' id='word_1_195' title='bbox 429 1714 467 1748; x_wconf 87' lang='lat' dir='ltr'><strong>in</strong></span> <span class='ocrx_word' id='word_1_196' title='bbox 494 1704 666 1748; x_wconf 87' lang='lat' dir='ltr'><strong>Novellae</strong></span> <span class='ocrx_word' id='word_1_197' title='bbox 695 1706 763 1746; x_wconf 88' lang='grc'><strong>16.</strong></span> <span class='ocrx_word' id='word_1_198' title='bbox 790 1709 926 1745; x_wconf 82' lang='lat' dir='ltr'><strong>rubrica</strong></span> <span class='ocrx_word' id='word_1_199' title='bbox 955 1705 1044 1758; x_wconf 78' lang='lat' dir='ltr'><strong>(An.</strong></span> <span class='ocrx_word' id='word_1_200' title='bbox 1072 1720 1106 1756; x_wconf 89' lang='lat' dir='ltr'><strong>p.</strong></span> <span class='ocrx_word' id='word_1_201' title='bbox 1126 1706 1254 1759; x_wconf 84' lang='lat'><strong>236.),</strong></span> <span class='ocrx_word' id='word_1_202' title='bbox 1281 1707 1375 1746; x_wconf 84' lang='lat' dir='ltr'><strong>Nov.</strong></span> <span class='ocrx_word' id='word_1_203' title='bbox 1393 1707 1461 1746; x_wconf 90' lang='grc'><strong>31.</strong></span> <span class='ocrx_word' id='word_1_204' title='bbox 1491 1705 1581 1761; x_wconf 78' lang='lat' dir='ltr'><strong>(An.</strong></span> 
     </span>
     <span class='ocr_line' id='line_1_22' title="bbox 121 1776 1580 1837; baseline -0.003 -12"><span class='ocrx_word' id='word_1_205' title='bbox 121 1799 155 1837; x_wconf 88' lang='lat' dir='ltr'><strong>p.</strong></span> <span class='ocrx_word' id='word_1_206' title='bbox 186 1781 303 1837; x_wconf 84' lang='lat'><strong>236.)</strong></span> <span class='ocrx_word' id='word_1_207' title='bbox 342 1789 377 1825; x_wconf 86' lang='lat' dir='ltr'><strong>et</strong></span> <span class='ocrx_word' id='word_1_208' title='bbox 402 1782 497 1822; x_wconf 84' lang='lat' dir='ltr'><strong>Nov.</strong></span> <span class='ocrx_word' id='word_1_209' title='bbox 535 1781 603 1822; x_wconf 89' lang='grc'><strong>77.</strong></span> <span class='ocrx_word' id='word_1_210' title='bbox 647 1777 735 1834; x_wconf 80' lang='lat' dir='ltr'><strong>(An.</strong></span> <span class='ocrx_word' id='word_1_211' title='bbox 772 1795 807 1833; x_wconf 87' lang='lat' dir='ltr'><strong>p.</strong></span> <span class='ocrx_word' id='word_1_212' title='bbox 836 1776 952 1833; x_wconf 82' lang='lat'><strong>235.)</strong></span> <span class='ocrx_word' id='word_1_213' title='bbox 1017 1779 1068 1819; x_wconf 93' lang='lat' dir='ltr'><strong>Ut</strong></span> <span class='ocrx_word' id='word_1_214' title='bbox 1102 1779 1244 1832; x_wconf 82' lang='lat' dir='ltr'><strong>proinde</strong></span> <span class='ocrx_word' id='word_1_215' title='bbox 1271 1781 1376 1820; x_wconf 85' lang='lat' dir='ltr'><strong>facile</strong></span> <span class='ocrx_word' id='word_1_216' title='bbox 1403 1784 1580 1829; x_wconf 75' lang='lat' dir='ltr'><strong>coniicias,</strong></span> 
     </span>
     <span class='ocr_line' id='line_1_23' title="bbox 120 1854 1578 1908; baseline -0.003 -11"><span class='ocrx_word' id='word_1_217' title='bbox 120 1858 199 1905; x_wconf 80' lang='lat' dir='ltr'><strong>lias,</strong></span> <span class='ocrx_word' id='word_1_218' title='bbox 227 1858 270 1896; x_wconf 90' lang='lat' dir='ltr'><strong>de</strong></span> <span class='ocrx_word' id='word_1_219' title='bbox 307 1859 431 1908; x_wconf 87' lang='lat' dir='ltr'><strong>quibus</strong></span> <span class='ocrx_word' id='word_1_220' title='bbox 459 1856 633 1902; x_wconf 83' lang='lat' dir='ltr'><strong>diximus,</strong></span> <span class='ocrx_word' id='word_1_221' title='bbox 668 1856 822 1893; x_wconf 80' lang='lat' dir='ltr'><strong>rubricas</strong></span> <span class='ocrx_word' id='word_1_222' title='bbox 861 1867 905 1892; x_wconf 86' lang='lat' dir='ltr'><strong>ex</strong></span> <span class='ocrx_word' id='word_1_223' title='bbox 932 1857 1063 1906; x_wconf 86' lang='lat' dir='ltr'><strong>ignotis</strong></span> <span class='ocrx_word' id='word_1_224' title='bbox 1100 1854 1301 1904; x_wconf 83' lang='lat' dir='ltr'><strong>quibusdam</strong></span> <span class='ocrx_word' id='word_1_225' title='bbox 1331 1856 1488 1894; x_wconf 82' lang='lat' dir='ltr'><strong>fontibus</strong></span> <span class='ocrx_word' id='word_1_226' title='bbox 1515 1855 1578 1894; x_wconf 87' lang='lat' dir='ltr'><strong>de·</strong></span> 
     </span>
     <span class='ocr_line' id='line_1_24' title="bbox 122 1929 1577 1981; baseline -0.003 -8"><span class='ocrx_word' id='word_1_227' title='bbox 122 1934 244 1973; x_wconf 88' lang='lat' dir='ltr'><strong>ductas</strong></span> <span class='ocrx_word' id='word_1_228' title='bbox 272 1946 363 1979; x_wconf 90' lang='lat' dir='ltr'><strong>esse,</strong></span> <span class='ocrx_word' id='word_1_229' title='bbox 390 1935 462 1971; x_wconf 84' lang='lat' dir='ltr'><strong>nisi</strong></span> <span class='ocrx_word' id='word_1_230' title='bbox 491 1933 532 1969; x_wconf 90' lang='lat' dir='ltr'><strong>ab</strong></span> <span class='ocrx_word' id='word_1_231' title='bbox 560 1933 638 1981; x_wconf 88' lang='lat' dir='ltr'><strong>ipso</strong></span> <span class='ocrx_word' id='word_1_232' title='bbox 665 1930 726 1968; x_wconf 88' lang='lat' dir='ltr'><strong>illo</strong></span> <span class='ocrx_word' id='word_1_233' title='bbox 755 1930 833 1968; x_wconf 89' lang='lat' dir='ltr'><strong>libri</strong></span> <span class='ocrx_word' id='word_1_234' title='bbox 862 1930 1027 1979; x_wconf 86' lang='lat' dir='ltr'><strong>scriptore</strong></span> <span class='ocrx_word' id='word_1_235' title='bbox 1054 1931 1212 1979; x_wconf 89' lang='lat' dir='ltr'><strong>proprio,</strong></span> <span class='ocrx_word' id='word_1_236' title='bbox 1245 1934 1286 1966; x_wconf 93' lang='lat' dir='ltr'><strong>ut</strong></span> <span class='ocrx_word' id='word_1_237' title='bbox 1315 1932 1429 1974; x_wconf 88' lang='lat' dir='ltr'><strong>aiunt,</strong></span> <span class='ocrx_word' id='word_1_238' title='bbox 1461 1929 1577 1969; x_wconf 79' lang='lat' dir='ltr'><strong>Marte</strong></span> 
     </span>
     <span class='ocr_line' id='line_1_25' title="bbox 121 2001 1576 2051; baseline -0.004 -4"><span class='ocrx_word' id='word_1_239' title='bbox 121 2009 257 2047; x_wconf 87' lang='lat' dir='ltr'><strong>effictae</strong></span> <span class='ocrx_word' id='word_1_240' title='bbox 284 2019 363 2045; x_wconf 90' lang='lat' dir='ltr'><strong>esse</strong></span> <span class='ocrx_word' id='word_1_241' title='bbox 392 2006 560 2044; x_wconf 82' lang='lat' dir='ltr'><strong>dicantur.</strong></span> <span class='ocrx_word' id='word_1_242' title='bbox 618 2003 673 2041; x_wconf 88' lang='lat' dir='ltr'><strong>De</strong></span> <span class='ocrx_word' id='word_1_243' title='bbox 701 2003 842 2040; x_wconf 87' lang='lat' dir='ltr'><strong>Latinis</strong></span> <span class='ocrx_word' id='word_1_244' title='bbox 879 2001 1015 2051; x_wconf 88' lang='lat' dir='ltr'><strong>quidem</strong></span> <span class='ocrx_word' id='word_1_245' title='bbox 1045 2002 1228 2040; x_wconf 88' lang='lat' dir='ltr'><strong>Iustiniani</strong></span> <span class='ocrx_word' id='word_1_246' title='bbox 1265 2004 1576 2049; x_wconf 83' lang='lat' dir='ltr'><strong>constitutionibus,</strong></span> 
     </span>
     <span class='ocr_line' id='line_1_26' title="bbox 121 2073 1576 2134; baseline -0.005 -13"><span class='ocrx_word' id='word_1_247' title='bbox 121 2080 292 2134; x_wconf 88' lang='lat' dir='ltr'><strong>quomodo</strong></span> <span class='ocrx_word' id='word_1_248' title='bbox 320 2083 357 2120; x_wconf 88' lang='lat' dir='ltr'><strong>in</strong></span> <span class='ocrx_word' id='word_1_249' title='bbox 384 2079 469 2125; x_wconf 90' lang='lat' dir='ltr'><strong>hac,</strong></span> <span class='ocrx_word' id='word_1_250' title='bbox 510 2092 578 2128; x_wconf 89' lang='lat' dir='ltr'><strong>qua</strong></span> <span class='ocrx_word' id='word_1_251' title='bbox 605 2076 813 2124; x_wconf 83' lang='lat' dir='ltr'><strong>Anonymus</strong></span> <span class='ocrx_word' id='word_1_252' title='bbox 859 2078 1005 2126; x_wconf 84' lang='lat' dir='ltr'><strong>scriptor</strong></span> <span class='ocrx_word' id='word_1_253' title='bbox 1032 2088 1118 2113; x_wconf 89' lang='lat' dir='ltr'><strong>usus</strong></span> <span class='ocrx_word' id='word_1_254' title='bbox 1148 2081 1218 2120; x_wconf 88' lang='lat' dir='ltr'><strong>est,</strong></span> <span class='ocrx_word' id='word_1_255' title='bbox 1254 2073 1478 2114; x_wconf 85' lang='lat' dir='ltr'><strong>Novellarum</strong></span> <span class='ocrx_word' id='word_1_256' title='bbox 1506 2076 1576 2114; x_wconf 82' lang='lat' dir='ltr'><strong>ccl-</strong></span> 
     </span>
     <span class='ocr_line' id='line_1_27' title="bbox 117 2147 1573 2199; baseline -0.006 -4"><span class='ocrx_word' id='word_1_257' title='bbox 117 2158 266 2194; x_wconf 86' lang='lat' dir='ltr'><strong>lectione</strong></span> <span class='ocrx_word' id='word_1_258' title='bbox 294 2159 408 2192; x_wconf 90' lang='lat' dir='ltr'><strong>actum</strong></span> <span class='ocrx_word' id='word_1_259' title='bbox 437 2156 495 2199; x_wconf 89' lang='lat' dir='ltr'><strong>sit,</strong></span> <span class='ocrx_word' id='word_1_260' title='bbox 522 2164 591 2189; x_wconf 91' lang='lat' dir='ltr'><strong>non</strong></span> <span class='ocrx_word' id='word_1_261' title='bbox 619 2153 707 2188; x_wconf 88' lang='lat' dir='ltr'><strong>satis</strong></span> <span class='ocrx_word' id='word_1_262' title='bbox 736 2154 882 2195; x_wconf 86' lang='lat' dir='ltr'><strong>constat,</strong></span> <span class='ocrx_word' id='word_1_263' title='bbox 909 2148 1054 2198; x_wconf 88' lang='lat' dir='ltr'><strong>ideoque</strong></span> <span class='ocrx_word' id='word_1_264' title='bbox 1081 2152 1186 2185; x_wconf 90' lang='lat' dir='ltr'><strong>totam</strong></span> <span class='ocrx_word' id='word_1_265' title='bbox 1213 2147 1303 2185; x_wconf 87' lang='lat' dir='ltr'><strong>hanc</strong></span> <span class='ocrx_word' id='word_1_266' title='bbox 1330 2147 1573 2199; x_wconf 82' lang='lat' dir='ltr'><strong>disputationis</strong></span> 
     </span>
     <span class='ocr_line' id='line_1_28' title="bbox 117 2223 1001 2283; baseline -0.012 -13"><span class='ocrx_word' id='word_1_267' title='bbox 117 2235 248 2283; x_wconf 84' lang='lat' dir='ltr'><strong>partem</strong></span> <span class='ocrx_word' id='word_1_268' title='bbox 278 2232 382 2267; x_wconf 90' lang='lat' dir='ltr'><strong>tacito</strong></span> <span class='ocrx_word' id='word_1_269' title='bbox 411 2223 692 2278; x_wconf 81' lang='lat' dir='ltr'><strong>praetereundam</strong></span> <span class='ocrx_word' id='word_1_270' title='bbox 722 2235 799 2261; x_wconf 89' lang='lat' dir='ltr'><strong>esse</strong></span> <span class='ocrx_word' id='word_1_271' title='bbox 826 2227 1001 2274; x_wconf 87' lang='lat' dir='ltr'><strong>putamus.</strong></span> 
     </span>
    </p>

    <p class='ocr_par' dir='ltr' id='par_1_5' title="bbox 118 2293 1570 2421">
     <span class='ocr_line' id='line_1_29' title="bbox 232 2293 1570 2349; baseline -0.007 -7"><span class='ocrx_word' id='word_1_272' title='bbox 232 2303 392 2342; x_wconf 84' lang='lat' dir='ltr'><strong>Transeo</strong></span> <span class='ocrx_word' id='word_1_273' title='bbox 422 2300 466 2339; x_wconf 86' lang='lat' dir='ltr'><strong>ad</strong></span> <span class='ocrx_word' id='word_1_274' title='bbox 492 2299 569 2344; x_wconf 89' lang='lat' dir='ltr'><strong>hoc,</strong></span> <span class='ocrx_word' id='word_1_275' title='bbox 597 2297 688 2349; x_wconf 83' lang='lat' dir='ltr'><strong>quod</strong></span> <span class='ocrx_word' id='word_1_276' title='bbox 721 2298 758 2334; x_wconf 91' lang='lat' dir='ltr'><strong>in</strong></span> <span class='ocrx_word' id='word_1_277' title='bbox 785 2295 987 2334; x_wconf 88' lang='lat' dir='ltr'><strong>Florentino</strong></span> <span class='ocrx_word' id='word_1_278' title='bbox 1021 2294 1111 2333; x_wconf 87' lang='lat' dir='ltr'><strong>libro</strong></span> <span class='ocrx_word' id='word_1_279' title='bbox 1148 2296 1378 2344; x_wconf 88' lang='lat' dir='ltr'><strong>manuscripto</strong></span> <span class='ocrx_word' id='word_1_280' title='bbox 1416 2293 1570 2342; x_wconf 80' lang='lat' dir='ltr'><strong>babetur,</strong></span> 
     </span>
     <span class='ocr_line' id='line_1_30' title="bbox 118 2366 1569 2421; baseline -0.013 -3"><span class='ocrx_word' id='word_1_281' title='bbox 118 2378 344 2418; x_wconf 88' lang='lat' dir='ltr'><strong>Novellarum</strong></span> <span class='ocrx_word' id='word_1_282' title='bbox 379 2375 660 2414; x_wconf 85' lang='lat' dir='ltr'><strong>constitutionum</strong></span> <span class='ocrx_word' id='word_1_283' title='bbox 687 2382 810 2421; x_wconf 85' lang='lat' dir='ltr'><strong>corpus</strong></span> <span class='ocrx_word' id='word_1_284' title='bbox 838 2371 1032 2406; x_wconf 86' lang='lat' dir='ltr'><strong>accuratius</strong></span> <span class='ocrx_word' id='word_1_285' title='bbox 1061 2366 1452 2419; x_wconf 66' lang='lat' dir='ltr'><strong>describendum,‚quod</strong></span> <span class='ocrx_word' id='word_1_286' title='bbox 1483 2369 1569 2408; x_wconf 81' lang='lat' dir='ltr'><strong>Gre.</strong></span> 
     </span>
    </p>
   </div>
   <div class='ocr_carea' id='block_1_5' title="bbox 118 2441 1568 2581">
    <p class='ocr_par' dir='ltr' id='par_1_6' title="bbox 118 2441 1568 2581">
     <span class='ocr_line' id='line_1_31' title="bbox 118 2441 1568 2505; baseline -0.009 -13"><span class='ocrx_word' id='word_1_287' title='bbox 118 2456 238 2505; x_wconf 85' lang='lat' dir='ltr'><strong>gorius</strong></span> <span class='ocrx_word' id='word_1_288' title='bbox 267 2449 470 2489; x_wconf 88' lang='lat' dir='ltr'><strong>Haloander</strong></span> <span class='ocrx_word' id='word_1_289' title='bbox 506 2460 550 2484; x_wconf 84' lang='lat' dir='ltr'><strong>ex</strong></span> <span class='ocrx_word' id='word_1_290' title='bbox 585 2446 772 2496; x_wconf 88' lang='lat' dir='ltr'><strong>Bolognini</strong></span> <span class='ocrx_word' id='word_1_291' title='bbox 808 2441 1000 2494; x_wconf 83' lang='lat' dir='ltr'><strong>apographo</strong></span> <span class='ocrx_word' id='word_1_292' title='bbox 1030 2442 1155 2491; x_wconf 84' lang='lat' dir='ltr'><strong>publici</strong></span> <span class='ocrx_word' id='word_1_293' title='bbox 1182 2444 1268 2479; x_wconf 88' lang='lat' dir='ltr'><strong>iuris</strong></span> <span class='ocrx_word' id='word_1_294' title='bbox 1298 2442 1380 2480; x_wconf 77' lang='lat' dir='ltr'><strong>fecit</strong></span> <span class='ocrx_word' id='word_1_295' title='bbox 1410 2443 1483 2479; x_wconf 83' lang='lat' dir='ltr'><strong>fere</strong></span> <span class='ocrx_word' id='word_1_296' title='bbox 1517 2445 1568 2480; x_wconf 91' lang='lat' dir='ltr'><strong>in-</strong></span> 
     </span>
     <span class='ocr_line' id='line_1_32' title="bbox 118 2514 1568 2581; baseline -0.009 -15"><span class='ocrx_word' id='word_1_297' title='bbox 118 2520 314 2581; x_wconf 77' lang='lat' dir='ltr'><strong>tegrum1).</strong></span> <span class='ocrx_word' id='word_1_298' title='bbox 370 2524 417 2570; x_wconf 86' lang='lat' dir='ltr'><strong>Is,</strong></span> <span class='ocrx_word' id='word_1_299' title='bbox 447 2525 505 2573; x_wconf 89' lang='lat' dir='ltr'><strong>qui</strong></span> <span class='ocrx_word' id='word_1_300' title='bbox 533 2521 742 2570; x_wconf 88' lang='lat' dir='ltr'><strong>composuit,</strong></span> <span class='ocrx_word' id='word_1_301' title='bbox 769 2529 837 2555; x_wconf 87' lang='lat' dir='ltr'><strong>non</strong></span> <span class='ocrx_word' id='word_1_302' title='bbox 866 2515 930 2554; x_wconf 89' lang='lat' dir='ltr'><strong>has</strong></span> <span class='ocrx_word' id='word_1_303' title='bbox 967 2515 1081 2563; x_wconf 90' lang='lat' dir='ltr'><strong>solas,</strong></span> <span class='ocrx_word' id='word_1_304' title='bbox 1112 2527 1198 2565; x_wconf 88' lang='lat' dir='ltr'><strong>quae</strong></span> <span class='ocrx_word' id='word_1_305' title='bbox 1228 2514 1412 2554; x_wconf 85' lang='lat' dir='ltr'><strong>Iustiniani</strong></span> <span class='ocrx_word' id='word_1_306' title='bbox 1439 2520 1568 2562; x_wconf 85' lang='lat' dir='ltr'><strong>essent,</strong></span> 
     </span>
    </p>
   </div>
   <div class='ocr_carea' id='block_1_6' title="bbox 116 2713 1569 2887">
    <p class='ocr_par' dir='ltr' id='par_1_7' title="bbox 116 2713 1569 2887">
     <span class='ocr_line' id='line_1_33' title="bbox 207 2713 1569 2770; baseline -0.01 -6"><span class='ocrx_word' id='word_1_307' title='bbox 207 2728 246 2770; x_wconf 86' lang='lat'><strong>1)</strong></span> <span class='ocrx_word' id='word_1_308' title='bbox 272 2728 354 2762; x_wconf 88' lang='lat' dir='ltr'><strong>Hoc</strong></span> <span class='ocrx_word' id='word_1_309' title='bbox 389 2727 433 2760; x_wconf 87' lang='lat' dir='ltr'><strong>de</strong></span> <span class='ocrx_word' id='word_1_310' title='bbox 464 2726 557 2760; x_wconf 86' lang='lat' dir='ltr'><strong>Nov.</strong></span> <span class='ocrx_word' id='word_1_311' title='bbox 588 2721 667 2757; x_wconf 79' lang='lat'><strong>144.</strong></span> <span class='ocrx_word' id='word_1_312' title='bbox 691 2724 728 2755; x_wconf 89' lang='lat' dir='ltr'><strong>et</strong></span> <span class='ocrx_word' id='word_1_313' title='bbox 749 2718 827 2754; x_wconf 82' lang='lat'><strong>148.</strong></span> <span class='ocrx_word' id='word_1_314' title='bbox 860 2718 975 2759; x_wconf 80' lang='lat' dir='ltr'><strong>valet,</strong></span> <span class='ocrx_word' id='word_1_315' title='bbox 1010 2727 1098 2762; x_wconf 83' lang='lat' dir='ltr'><strong>quas</strong></span> <span class='ocrx_word' id='word_1_316' title='bbox 1121 2715 1328 2751; x_wconf 85' lang='lat' dir='ltr'><strong>Haloander</strong></span> <span class='ocrx_word' id='word_1_317' title='bbox 1357 2727 1394 2761; x_wconf 85' lang='lat' dir='ltr'><strong>p.</strong></span> <span class='ocrx_word' id='word_1_318' title='bbox 1418 2713 1499 2751; x_wconf 84' lang='lat'><strong>212.</strong></span> <span class='ocrx_word' id='word_1_319' title='bbox 1530 2718 1569 2750; x_wconf 90' lang='lat' dir='ltr'><strong>et</strong></span> 
     </span>
     <span class='ocr_line' id='line_1_34' title="bbox 116 2771 1566 2828; baseline -0.009 -9"><span class='ocrx_word' id='word_1_320' title='bbox 116 2785 197 2820; x_wconf 88' lang='grc'><strong>217.</strong></span> <span class='ocrx_word' id='word_1_321' title='bbox 216 2783 360 2828; x_wconf 74' lang='lat' dir='ltr'><strong>retulit3</strong></span> <span class='ocrx_word' id='word_1_322' title='bbox 396 2786 522 2818; x_wconf 89' lang='lat' dir='ltr'><strong>contra</strong></span> <span class='ocrx_word' id='word_1_323' title='bbox 543 2791 587 2815; x_wconf 84' lang='lat' dir='ltr'><strong>ea</strong></span> <span class='ocrx_word' id='word_1_324' title='bbox 607 2778 781 2813; x_wconf 84' lang='lat' dir='ltr'><strong>Novellae</strong></span> <span class='ocrx_word' id='word_1_325' title='bbox 803 2774 881 2813; x_wconf 83' lang='lat'><strong>14⁰.</strong></span> <span class='ocrx_word' id='word_1_326' title='bbox 914 2776 950 2809; x_wconf 86' lang='lat' dir='ltr'><strong>et</strong></span> <span class='ocrx_word' id='word_1_327' title='bbox 972 2772 1065 2817; x_wconf 67' lang='lat'><strong>149„</strong></span> <span class='ocrx_word' id='word_1_328' title='bbox 1097 2783 1189 2819; x_wconf 84' lang='lat' dir='ltr'><strong>quae</strong></span> <span class='ocrx_word' id='word_1_329' title='bbox 1211 2772 1296 2807; x_wconf 84' lang='lat' dir='ltr'><strong>item</strong></span> <span class='ocrx_word' id='word_1_330' title='bbox 1319 2771 1448 2806; x_wconf 84' lang='lat' dir='ltr'><strong>Iustini</strong></span> <span class='ocrx_word' id='word_1_331' title='bbox 1470 2775 1566 2822; x_wconf 72' lang='lat' dir='ltr'><strong>sunt,</strong></span> 
     </span>
     <span class='ocr_line' id='line_1_35' title="bbox 116 2826 1566 2887; baseline -0.01 -10"><span class='ocrx_word' id='word_1_332' title='bbox 116 2841 290 2885; x_wconf 86' lang='lat' dir='ltr'><strong>omissae,</strong></span> <span class='ocrx_word' id='word_1_333' title='bbox 323 2840 409 2887; x_wconf 83' lang='lat' dir='ltr'><strong>quia</strong></span> <span class='ocrx_word' id='word_1_334' title='bbox 438 2839 477 2874; x_wconf 91' lang='lat' dir='ltr'><strong>in</strong></span> <span class='ocrx_word' id='word_1_335' title='bbox 507 2835 669 2874; x_wconf 86' lang='lat' dir='ltr'><strong>Basilicis</strong></span> <span class='ocrx_word' id='word_1_336' title='bbox 700 2835 865 2879; x_wconf 84' lang='lat' dir='ltr'><strong>receptae</strong></span> <span class='ocrx_word' id='word_1_337' title='bbox 888 2841 961 2866; x_wconf 88' lang='lat' dir='ltr'><strong>non</strong></span> <span class='ocrx_word' id='word_1_338' title='bbox 982 2832 1079 2866; x_wconf 79' lang='lat' dir='ltr'><strong>sunt.</strong></span> <span class='ocrx_word' id='word_1_339' title='bbox 1125 2829 1228 2874; x_wconf 84' lang='lat' dir='ltr'><strong>Vide,</strong></span> <span class='ocrx_word' id='word_1_340' title='bbox 1251 2839 1344 2874; x_wconf 76' lang='lat' dir='ltr'><strong>quac</strong></span> <span class='ocrx_word' id='word_1_341' title='bbox 1368 2827 1414 2863; x_wconf 87' lang='lat' dir='ltr'><strong>de</strong></span> <span class='ocrx_word' id='word_1_342' title='bbox 1436 2826 1505 2864; x_wconf 78' lang='lat' dir='ltr'><strong>hac</strong></span> <span class='ocrx_word' id='word_1_343' title='bbox 1526 2839 1566 2863; x_wconf 85' lang='lat' dir='ltr'><strong>re</strong></span> 
     </span>
    </p>
   </div>
   <div class='ocr_carea' id='block_1_7' title="bbox 114 2888 917 2942">
    <p class='ocr_par' dir='ltr' id='par_1_8' title="bbox 114 2888 917 2942">
     <span class='ocr_line' id='line_1_36' title="bbox 114 2888 917 2942; baseline -0.015 -8"><span class='ocrx_word' id='word_1_344' title='bbox 114 2899 291 2934; x_wconf 80' lang='lat' dir='ltr'><strong>Bienerus</strong></span> <span class='ocrx_word' id='word_1_345' title='bbox 314 2899 339 2932; x_wconf 82' lang='lat'><strong>1.</strong></span> <span class='ocrx_word' id='word_1_346' title='bbox 364 2908 395 2933; x_wconf 88' lang='lat' dir='ltr'><strong>c.</strong></span> <span class='ocrx_word' id='word_1_347' title='bbox 418 2909 455 2942; x_wconf 87' lang='lat' dir='ltr'><strong>p.</strong></span> <span class='ocrx_word' id='word_1_348' title='bbox 480 2895 595 2930; x_wconf 80' lang='lat'><strong>134-</strong></span> <span class='ocrx_word' id='word_1_349' title='bbox 609 2892 688 2928; x_wconf 82' lang='lat'><strong>140.</strong></span> <span class='ocrx_word' id='word_1_350' title='bbox 712 2888 917 2936; x_wconf 79' lang='lat' dir='ltr'><strong>disputavit.</strong></span> 
     </span>
    </p>
   </div>
  </div>
 </body>
</html>
