1753 3215
884 208 913 251 5

154 336 220 377 leti
248 336 361 377 nostri
389 336 551 376 iudicem
573 337 742 388 Reqt‘nae
769 350 968 390 nuncupare
996 338 1123 386 solent,
1151 339 1243 378 forte
1270 338 1415 378 fortuna
1437 336 1633 386 incidisset,

154 411 242 452 nibil
271 410 422 462 amplius
450 410 709 451 deliberandum
739 418 837 452 ratus
844 407 865 461 ,”
896 413 990 453 hunc
1025 415 1154 466 publici
1190 415 1281 452 iuris
1318 413 1522 452 faciundum
1552 426 1619 453 cen

153 488 228 528 suit
258 485 407 538 librique
444 488 501 526 sui
536 487 800 527 fundamentum
839 502 918 529 esse
952 489 1065 529 voluit
1079 485 1128 543 ¹).
1186 488 1225 527 Is
1262 486 1371 526 index
1412 501 1458 527 ex
1499 487 1630 536 codice,

153 563 214 612 qui
241 561 332 599 inter
360 561 517 601 Graecos
545 560 774 602 bibliothecae
801 562 935 616 Regiae
962 563 1180 603 Parisiensis
1210 562 1320 602 libros
1348 559 1454 601 hodie
1483 575 1628 610 numero

152 634 417 675 MCCCXLIX
446 639 609 689 signatus
636 636 800 685 habetur,
827 637 977 681 haustus
1006 644 1061 677 est
1087 638 1256 689 librisque
1284 636 1539 685 Basilicorum,
1569 641 1630 690 qui

151 713 190 748 in
219 723 260 749 eo
291 712 478 763 exemplari
505 718 598 760 sunt,
627 714 729 764 quasi
757 713 956 765 appendicis
977 713 1056 753 loco
1086 712 1244 752 adiectus
1263 707 1323 765 2);
1353 711 1493 751 exhibet
1508 719 1627 751 autem

152 786 218 823 snb
246 787 366 824 titulo:
395 785 517 833 πίναξ
544 787 626 825 τῶν
655 787 811 841 νεαρῶν
840 788 1044 828 CLXVIII.
1072 787 1304 826 Novellarum
1332 787 1509 834 rubricas,
1538 798 1627 837 quas

151 859 287 911 quidem
318 874 364 899 ex
376 861 554 901 Theodori
569 861 736 910 Syntomo
752 862 925 902 derivatas
955 876 1035 901 esse
1065 850 1229 901 adunam
1248 874 1383 902 ,omnes
1411 863 1468 900 vir
1497 860 1626 900 doctise

149 939 272 984 simus,
302 948 403 987 quem
432 934 576 975 honoris
594 950 701 976 causa
713 941 865 985 nomino,
894 936 1141 976 Eduardus
1169 935 1425 975 Zachariae
1446 932 1483 991 3)
1515 939 1623 975 anim·

150 1010 308 1056 advertit.
366 1009 586 1050 Posteriores
602 1010 841 1057 vNovellarum
881 1012 1051 1058 editores,
1090 993 1226 1050 Cuiacii
1262 1012 1458 1062 exemplum
1497 1014 1623 1058 secuti,

148 1083 240 1124 hanc
268 1077 383 1136 legum
414 1088 537 1125 seriem
568 1086 733 1137 religiose
748 1086 988 1132 observarunt,
1015 1088 1107 1124 inter
1134 1097 1223 1136 quos
1251 1087 1400 1136 primus,
1420 1085 1512 1135 quod
1527 1088 1622 1138 equi·

149 1159 226 1196 dem
257 1161 384 1205 sciam,
422 1158 656 1197 Antonius
695 1159 891 1198 Contius
912 1160 1028 1206 illas,
1066 1172 1154 1209 quae
1192 1158 1322 1196 Latine
1350 1161 1500 1209 scriptae
1539 1167 1624 1197 sunt

148 1234 420 1270 constitutiones
449 1244 526 1270 cum
557 1244 621 1270 nec
650 1230 742 1282 apud
771 1231 1006 1284 Scrimgerum
1037 1246 1101 1271 nec
1130 1231 1222 1283 apud
1260 1231 1523 1279 Haloandrum,
1556 1231 1623 1271 boc

146 1310 221 1351 est,
258 1308 295 1343 in
325 1305 470 1343 Graecis
511 1304 739 1343 Novellarum
779 1306 1034 1356 exemplaribus
1070 1305 1295 1352 haberentur,
1334 1319 1380 1344 ex
1407 1305 1623 1345 Anthentico

147 1379 330 1431 supplevit,
358 1381 599 1430 numerisque,
628 1381 685 1430 qui
716 1378 807 1430 apud
835 1378 962 1419 indicis
992 1380 1193 1432 scriptorem
1222 1378 1414 1428 habentur,
1452 1379 1623 1426 distinxit,

126 1454 248 1503 -quasi
278 1452 481 1493 CLXVIII.
509 1450 739 1492 Novellarum
769 1453 967 1492 collectioni
1003 1455 1045 1491 ab
1080 1455 1183 1492 initio
1213 1456 1386 1504 ascriptae
1423 1455 1623 1492 attributae

146 1540 213 1577 que
242 1527 405 1566 fuissent.
463 1526 565 1569 Quod
593 1508 730 1578 quidem
759 1530 796 1566 iu
826 1540 878 1573 eo,
908 1540 996 1578 quae
1019 1531 1110 1565 anuo
1125 1527 1352 1568 MDLXXII
1379 1528 1518 1579 prodiit,
1546 1527 1621 1566 No·

145 1601 312 1654 vellarum
343 1600 493 1641 editione
520 1603 670 1652 primum
692 1602 832 1640 factum
861 1614 942 1640 esse
970 1601 1128 1640 videmus
1146 1596 1195 1654 ⁴),
1235 1614 1311 1639 cum
1341 1599 1426 1647 hae,
1466 1613 1555 1651 quas
1584 1605 1618 1639 is

144 1676 200 1712 vir
228 1674 351 1713 doctus
380 1688 471 1713 anno
500 1674 669 1713 MDLIX
698 1680 732 1712 et
760 1673 964 1713 MDLXVI
992 1679 1136 1721 curavit,
1164 1674 1336 1713 editiones
1364 1672 1468 1721 hunc,
1490 1676 1557 1725 ¹qui
1577 1676 1614 1712 in

144 1748 355 1787 Autbentico
384 1749 548 1795 habetur,
584 1750 701 1801 legum
739 1748 896 1788 ordinem
932 1751 1125 1800 seriemque
1162 1749 1328 1802 religiose
1364 1750 1613 1800 expresserint.

144 1821 200 1862 Ita
228 1821 377 1869 factum,
413 1826 454 1862 ut
489 1820 581 1873 quod
616 1822 764 1862 Iacobus
803 1821 968 1862 Cuiacius
1004 1824 1042 1861 in
1077 1835 1181 1862 usum
1220 1821 1489 1874 praelectionum
1521 1835 1612 1861 com·

145 1895 377 1941 mendaverat,
402 1900 443 1935 ut
469 1894 596 1954 indicis
622 1896 782 1949 Reginae
811 1900 1053 1935 auctoritatem
1077 1910 1312 1947 sequeremur,
1340 1895 1408 1934 boc
1435 1895 1614 1934 Antonius

145 1971 294 2009 Contius
321 1955 615 2009 in'Novellarum
646 1970 830 2010 editionem
861 1972 1100 2018 transtulerit,
1144 1972 1347 2015 manifesto,
1384 1976 1436 2017 et,
1467 1974 1525 2021 qui
1554 1983 1612 2009 ex-

144 2047 261 2083 cusari
288 2058 358 2083 non
386 2047 516 2096 possit,
554 2058 682 2084 errore.
739 2046 796 2084 lta
831 2044 990 2084 videmus
1028 2043 1217 2091 accidisse,
1254 2029 1295 2083 ut
1330 2049 1412 2095 post
1441 2043 1610 2097 Gontiana

144 2124 300 2169 tempora
326 2132 428 2157 nemo
444 2121 626 2170 quisquam
656 2118 877 2165 dubitaverit,
906 2123 988 2170 quin
1003 2120 1158 2158 collectio
1175 2118 1365 2157 CLXVIII
1380 2118 1609 2178 Novellarum

235 2286 274 2331 1)
301 2287 339 2321 ln
350 2287 579 2334 expositione
587 2288 820 2324 Novellarum
829 2286 907 2322 init.
924 2287 1027 2321 index
1045 2296 1123 2320 vcro
1135 2285 1320 2327 titulorum,
1344 2286 1424 2330 quio
1445 2296 1511 2319 uon
1534 2290 1609 2320 crat

143 2349 253 2380 certus
278 2344 354 2389 (uec
376 2347 462 2380 enim
483 2346 589 2380 veteri
609 2346 803 2390 interpreti,
835 2344 892 2389 qui
911 2343 964 2378 vel
984 2343 1184 2377 Haloandro
1205 2342 1257 2376 vel
1279 2343 1487 2386 Scrimyerol
1512 2343 1608 2388 eleyi,

142 2413 236 2447 quem
252 2412 421 2448 sequerer,
445 2412 491 2436 eat
512 2404 664 2447 Reginae
686 2401 879 2437 bibliotheca
901 2400 1082 2435 breviorem
1105 2401 1329 2444 aptioremque
1351 2401 1470 2434 ceteris
1491 2404 1523 2434 et
1545 2400 1609 2434 lmc

140 2462 269 2505 pagina
290 2461 468 2495 statim'ut
489 2461 748 2505 exprimeretur,
769 2458 966 2503 procuraoi3
990 2457 1055 2500 fuit
1074 2458 1239 2499 Graecus,
1261 2457 1490 2491 sedLatinum
1513 2457 1609 2492 exhi-

140 2516 218 2552 ϋηο
231 2518 395 2617 galga&
412 2568 844 2608 Heimbach’Avezddwv
864 2571 1004 2605 tom.II.
1028 2572 1121 2615 prol.
1146 2580 1225 2615 cap.
1249 2570 1293 2604 V.
1317 2581 1354 2614 p.
1377 2570 1503 2603 LXVI.
1529 2581 1608 2617 seq.

231 2630 272 2674 3)
289 2628 501 2664 ’Λνέκδοτα
524 2643 561 2676 p.
584 2631 632 2673 1.,
655 2634 731 2664 not.
755 2631 789 2664 l.

232 2686 272 2729 4)
298 2687 341 2720 In
356 2686 423 2722 hac
438 2687 552 2722 libelli
568 2689 671 2732 parte
687 2697 774 2721 usus
788 2696 866 2719 sum
878 2683 938 2728 iis,
954 2693 1046 2729 quae
1057 2682 1254 2717 Bmusnus
1271 2684 1295 2718 l.
1310 2694 1342 2717 c.
1360 2694 1397 2728 p.
1409 2682 1608 2720 397-401.

143 2745 179 2777 et
192 2742 354 2778 Buca-m
369 2743 407 2778 in
430 2744 542 2780 libro:
573 2745 702 2779 Cursus
723 2745 783 2778 der
795 2742 1026 2776 Institutionen
1048 2744 1122 2774 tom
1145 2741 1173 2775 l.
1196 2752 1231 2785 p.
1246 2740 1327 2775 712.
1352 2739 1397 2773 ‹le
1420 2740 1491 2787 his,
1517 2752 1608 2787 quas

140 2800 346 2835 Aua-omns
371 2800 548 2837 Con-nus
574 2800 725 2846 curavit,
755 2800 988 2836 Novellarum
1011 2796 1230 2833 editionibus
1266 2798 1389 2842 docte,
1412 2803 1453 2834 ut
1475 2801 1607 2845 solent,

140 2855 427 2904 disputaverunt.
1278 2913 1298 2952 ι

1313 2915 1332 2935 a
