1753 3215
843 229 900 275 15

132 359 237 399 Dicet
264 357 406 409 aliquis,
432 355 609 398 Latinum
630 357 755 400 harum
784 363 1070 401 constitutionum
1109 365 1311 402 contextum
1333 365 1441 401 certe
1469 356 1611 412 quidm

129 436 175 473 ab
203 434 304 473 initio
341 435 380 471 in
417 433 621 473 collectione
649 433 853 475 Cvam.
887 435 889 437 ’
922 436 1155 476 Novellarum
1191 448 1272 474 esse
1297 437 1476 487 potuisse,
1504 447 1609 487 quem

128 508 201 553 his,
229 507 356 559 quibus
385 508 503 549 nullus
534 514 609 549 erat
623 508 748 550 Latini
776 515 947 557 sermonis
974 524 1038 564 per
1055 510 1233 550 Orientem
1263 522 1364 557 usus,
1392 510 1608 561 temporibus

128 583 263 621 librarii
291 585 426 623 scribae
446 586 629 624 omiserint
653 588 691 624 in
715 588 859 637 eiusque
883 587 998 625 locum
1012 588 1138 637 partim
1154 583 1336 623 Theodori
1349 582 1606 635 Athanasiique

130 658 302 708 epitomas
315 658 529 700 suffecerint.
558 659 703 707 Vereor,
720 666 760 699 ut
770 668 873 700 recte.
889 660 984 700 Nam
999 666 1034 699 et
1048 665 1123 699 tota
1136 653 1382 711 codicum‚‘qui
1397 657 1535 698 (3va
1536 657 1605 698 111.

128 731 300 770 Novellas
316 732 454 781 habent,
482 734 641 782 historia,
655 736 865 786 quaminfra
878 747 1061 787 ponemus,
1088 733 1172 773 huic
1199 736 1355 786 opinioni
1383 734 1606 787 repugnabit,

127 811 163 846 et
191 809 227 847 in
256 821 328 847 una
356 815 449 848 certe
483 808 621 861 quidem
649 810 769 850 harum
801 812 1088 850 constitutionum
1118 810 1339 856 collectione,
1374 807 1442 848 hoc
1470 815 1535 855 est,
1563 811 1601 848 in

124 883 206 929 illa,
246 896 333 933 quae
361 884 521 923 Venetiis
549 883 712 932 habetur,
741 884 872 937 aliquid
900 884 1021 923 indicii
1049 889 1114 930 est,
1152 866 1258 934 quare
1285 883 1495 922 Latinarum
1523 881 1598 920 No-

122 957 291 997 venarum
328 962 480 1010 genuina
516 960 621 997 verba
658 958 764 998 huius
793 960 1010 998 collectionis
1046 960 1208 1010 scriptori
1237 957 1282 997 ad
1311 971 1453 997 manum
1483 957 1597 995 fuisse

121 1045 303 1085 negemus,
332 1046 419 1084 quae
448 1033 585 1086 quidem
614 1035 816 1073 testimonia
842 1034 936 1073 infra
963 1034 1210 1073 recitabuntur.

236 1107 385 1147 Sediam
398 1115 534 1160 tempus
551 1115 604 1148 est
613 1112 795 1161 utriusque
812 1104 1026 1148 collectionis
1039 1111 1191 1160 origines
1205 1111 1326 1158 paucis
1341 1106 1593 1146 demonstrare.

122 1181 280 1234 Cumque
319 1186 389 1222 iam
427 1196 472 1221 ex
500 1181 578 1231 his,
608 1196 695 1235 quae
724 1182 991 1235 disputavimus,
1019 1186 1108 1221 satis
1137 1187 1283 1227 constet,
1311 1185 1348 1220 in
1377 1186 1525 1232 utraque
1553 1194 1592 1220 re

118 1256 293 1306 permulta
319 1259 473 1307 reperiri,
501 1245 602 1308 quae*
619 1270 663 1295 ex
677 1256 864 1297 Athanasii
876 1257 1121 1307 Theodorique
1150 1258 1409 1296 commentariis
1438 1254 1593 1293 derivata

119 1331 210 1376 sint,
252 1329 354 1368 facile
383 1335 437 1368 est
472 1329 516 1368 ad
552 1331 816 1378 conficiendum,
851 1334 921 1370 iam
959 1344 1030 1369 non
1058 1331 1210 1376 Tiberii,
1248 1329 1311 1368 sed
1339 1330 1591 1380 posterioribus

118 1404 331 1454 temporibus
360 1402 494 1450 deberi,
523 1416 612 1450 cum,
641 1406 701 1454 qui
728 1404 934 1451 Iustiniani,
976 1405 1189 1455 reliquorum
1225 1405 1493 1441 constitutiones
1522 1402 1590 1441 col·

115 1477 301 1530 legissent,
328 1476 393 1516 has
421 1476 467 1516 ad
496 1490 592 1525 eam,
631 1491 721 1530 quae
750 1478 842 1531 apud
871 1477 1097 1517 Theodorum
1128 1477 1294 1526 liabetur,
1324 1482 1460 1515 centum
1490 1490 1589 1516 sexa-

115 1556 215 1606 ginta
252 1558 330 1591 octo
369 1536 596 1604 epitomarum
632 1549 759 1592 seriem
797 1552 1055 1605 componendas
1093 1551 1373 1604 ordinandasque
1409 1565 1489 1591 esse
1518 1565 1588 1590 cre—

116 1628 249 1667 derent.
315 1627 396 1671 Qua
433 1631 472 1666 in
501 1641 540 1666 re
576 1627 785 1679 perficienda
822 1629 914 1667 alius
950 1629 1053 1667 aliam
1090 1631 1184 1666 riam
1213 1630 1396 1679 ingressus
1427 1639 1506 1665 esse
1534 1639 1586 1664 re·

76 1698 78 1700 ’
114 1706 255 1753 peritur,
284 1715 388 1752 quam
402 1714 474 1740 rem
505 1706 545 1739 ut
574 1701 862 1748 demonstremus,
889 1699 1013 1739 harum
1044 1701 1286 1739 collectionum
1316 1703 1406 1739 ratio
1438 1699 1583 1753 diligen-

111 1777 183 1829 tius
212 1774 463 1813 consideranda
490 1780 558 1812 est.

224 1847 365 1895 Huius,
402 1860 490 1899 quae
516 1850 553 1886 in
582 1847 716 1887 Veneto
752 1848 872 1887 codice
905 1847 1069 1896 habetur,
1106 1849 1322 1904 collectionis
1359 1851 1508 1900 scriptor
1544 1847 1583 1887 id

111 1926 193 1976 egit,
221 1927 261 1962 ut
289 1924 476 1962 Iustiniani
504 1934 591 1973 quae
620 1926 750 1969 essent,
778 1922 996 1961 authenticas
1026 1926 1307 1969 constitutiones,
1335 1927 1504 1974 quotquot
1530 1924 1582 1962 in·

109 2003 262 2043 venerat,
282 2009 387 2047 puras
416 2000 519 2046 putas
533 1995 577 2034 ad
591 1994 771 2034 Theodori
801 1998 972 2035 rationem
1002 2001 1224 2047 componeret
1251 2001 1356 2043 totas,
1384 1994 1453 2043 his,
1483 2009 1583 2048 quae,

109 2084 179 2110 non
208 2070 358 2122 amplius
386 2075 554 2117 extarent,
582 2071 718 2122 legibus
744 2071 849 2122 plane
877 2072 1134 2123 praetermissis
1163 2075 1223 2109 aut
1250 2073 1287 2109 in
1317 2083 1437 2109 earum
1465 2054 1582 2110 locum

109 2146 270 2194 epitomis
299 2142 507 2193 quibusdam
536 2143 710 2190 suffectis,
738 2156 826 2194 quas
855 2156 900 2182 ex
928 2143 1107 2182 Theodori
1121 2142 1378 2193 Athanasiiqne
1407 2157 1580 2182 commen·

108 2218 208 2255 tariis
235 2215 400 2255 hausisse
419 2218 600 2268 reperitur.
630 2214 708 2258 Qua
735 2219 772 2255 in
802 2230 840 2254 re
867 2217 1076 2267 perficienda
1103 2220 1339 2255 necessarium
1367 2219 1484 2255 visum
1514 2223 1581 2265 est,

108 2290 237 2328 Iustini
259 2290 461 2340 Tiberiique
488 2292 766 2336 constitutiones,
795 2301 883 2340 quas
898 2288 1109 2328 Theodorus
1137 2290 1175 2327 iu
1190 2288 1358 2336 Syntomo
1389 2296 1579 2342 receperat,

108 2368 144 2401 et
172 2364 362 2404 formarum
391 2377 411 2401 a
443 2365 628 2414 praefectis
655 2365 827 2415 praetorio
857 2362 1017 2402 datarum
1044 2362 1266 2414 appendicem
1295 2365 1339 2402 ab
1368 2363 1475 2402 huius
1505 2379 1579 2404 cor-

105 2440 202 2489 poris
229 2438 349 2476 limine
375 2434 574 2488 prohibere,
610 2435 703 2494 unde
731 2436 880 2483 factum,
918 2441 957 2474 ut
995 2435 1070 2483 his,
1105 2449 1193 2487 quos
1229 2436 1321 2488 apud
1350 2436 1578 2478 Theodorum
1613 2458 1615 2460 ·

107 2513 325 2559 obtinebant,
361 2511 450 2550 locis
486 2511 631 2549 lacunae
659 2514 697 2550 in
724 2511 860 2550 Vcneto
888 2510 1117 2549 Novellarum
1156 2509 1274 2548 codice
1311 2510 1497 2550 adnotatae
1526 2526 1578 2551 re·

105 2588 293 2637 potiantur,
321 2586 416 2626 velut
443 2584 535 2625 NoV.
568 2582 675 2633 140„
706 2579 813 2633 144„
843 2581 951 2632 148„
982 2581 1088 2631 149„
1117 2584 1242 2635 quibus
1270 2586 1307 2623 in
1336 2584 1426 2625 locis
1455 2585 1579 2627 Theo-

107 2643 214 2699 dorus
243 2662 372 2700 Iustini
410 2661 578 2700 Novellas
613 2666 795 2712 posuerat,
833 2665 894 2698 aut
920 2659 1015 2699 Nov.
1055 2658 1171 2705 161.,
1209 2657 1325 2705 163„
1365 2657 1480 2708 164„
1517 2664 1579 2701 ubi

105 2732 240 2772 Tiberii
277 2737 543 2774 constitutiones
579 2733 670 2786 apud
706 2732 942 2773 Theodorum·
966 2732 1157 2779 habentur,
1200 2739 1261 2772 aut
1302 2732 1451 2786 denique
1481 2735 1579 2777 Nov.

107 2805 213 2854 166„
245 2806 351 2856 167„
372 2797 606 2860 168.,'quem
636 2809 750 2848 locum
779 2808 1031 2861 praefectorum
1060 2809 1194 2846 formae
1222 2814 1406 2859 occupant.
1450 2810 1492 2850 In
1520 2810 1579 2851 his
1600 2836 1610 2848 .-

102 2871 228 2929 tamen,
257 2894 344 2934 quae
366 2884 551 2924 iustiniani
578 2866 647 2924 non
676 2890 812 2932 essent,
839 2884 1147 2924 constitutionibus
1175 2870 1369 2935 formisque
1395 2875 1577 2937 prohiben-
