1753 3215
835 159 868 205 8

104 295 267 348 ‘genuina
280 293 387 331 verba
415 291 564 330 referret
592 289 636 330 ad
663 288 764 338 hanc,
793 302 882 341 quae
910 285 1002 340 apud
1018 283 1243 325 Theodorum
1272 281 1429 327 habetur,
1458 280 1585 319 sertem

115 366 341 416 ordinemque
363 365 591 418 digestarum,
619 364 701 403 huic
716 365 876 414 scriptori
902 373 984 413 prae
1004 358 1162 398 manibus
1189 357 1304 395 fuisse
1332 355 1585 403 egistimarent.

117 438 188 482 Qui
226 441 258 477 si
293 439 382 486 hoc,
433 439 527 490 quod
569 451 675 490 supra
710 438 960 481 refutavimus,
1003 433 1176 485 opinionis
1206 442 1292 468 suae
1320 428 1585 468 fundamentum

118 515 207 565 eripi
235 514 302 551 sibi
329 515 526 565 patiantur,
561 525 631 551 uon
661 510 790 556 dubito,
819 512 904 561 quin
933 507 976 547 ad
1005 506 1112 553 hanc,
1148 516 1250 555 quam
1281 504 1401 541 statim
1440 514 1587 542 comme·

120 588 353 634 morabimus,
389 590 621 627 coniecturam
659 586 860 624 descensuri
897 586 968 621 sint
996 580 1040 620 ad
1066 592 1173 619 unum
1203 588 1336 616 omnes.
1384 576 1589 628 ·Reperitur

122 664 215 700 enim
235 659 448 700 Theodorus
469 664 507 701 in
523 659 723 700 adornanda
745 657 959 711 singularum
977 656 1259 716 constitutionum
1280 652 1370 689 serie
1399 652 1587 702 antiquiori

124 736 241 787 aliquo
272 748 436 786 corpore,
473 734 563 785 quod
593 735 709 773 CXX.
738 732 908 772 Novellas
931 729 975 769 ad
990 728 1266 779 chronologicam
1295 727 1467 762 rationem
1496 738 1588 763 com-

124 810 259 859 positas
287 807 439 854 haberet,
468 820 557 846 usus
586 820 684 854 esse3
722 819 801 844 nam
831 804 992 855 quicquid
1022 810 1099 854 post
1128 803 1348 839 centesimam
1377 799 1586 849 vigesimam

125 883 408 920 constitutionem
426 881 583 927 habetur,
611 880 655 918 ad
671 893 745 918 eam
768 882 936 917 rationem
966 874 1260 916 accommodatum
1290 886 1360 911 non
1388 876 1442 910 est
1471 876 1507 910 et
1525 884 1588 911 su-

125 956 272 1005 perioris
286 955 382 992 illius
404 956 622 993 collectionis
641 955 726 991 facit
741 955 840 1003 quasi
853 950 1102 1002 appendicem,
1129 962 1216 999 quae
1236 949 1389 997 reliquas
1405 945 1589 992 Novellas,

127 1040 214 1079 quas
241 1040 325 1079 prae
354 1029 513 1066 manibus
541 1026 700 1073 haberet,
728 1026 1019 1077 complecteretur.
1064 1020 1249 1062 Caeterum
1279 1034 1349 1060 non
1378 1019 1443 1058 hoc
1472 1023 1589 1073 egisse

128 1100 322 1139 credendus
351 1105 418 1149 est,
461 1107 500 1139 ut
529 1100 616 1139 nihil
645 1102 849 1151 quicquam,
876 1100 946 1135 nisi
973 1098 1159 1135 Iustiniani
1196 1094 1367 1133 Novellas
1396 1106 1500 1145 puras
1529 1107 1590 1145 pu-

128 1182 184 1213 tas
213 1176 251 1213 in
278 1174 345 1213 hoc
372 1174 460 1212 libro
488 1176 667 1225 reciperet,
696 1173 757 1212 sed
787 1178 820 1211 et
847 1172 974 1211 Iustini
1002 1171 1203 1220 Tiberiique
1231 1170 1328 1222 leges
1358 1168 1504 1215 adiecit,
1532 1181 1591 1207 ne·

129 1261 195 1298 que
225 1261 246 1285 a
270 1248 522 1298 praefectorum
555 1249 727 1298 praetorio
770 1247 893 1284 formis
923 1243 1163 1283 abstinendum
1194 1255 1273 1280 esse
1301 1241 1462 1287 credidit,
1505 1254 1593 1293 quas

130 1320 266 1372 quidem
284 1320 572 1372 quemadmodum
589 1322 770 1372 superiora
797 1320 868 1365 illa,
895 1322 944 1357 ita
972 1318 1126 1371 νεαρῶν
1154 1318 1293 1355 nomine
1323 1316 1505 1368 designare
1534 1329 1592 1354 vo·

126 1396 195 1434 luit
209 1391 255 1445 ¹),
284 1394 376 1444 quod
393 1393 529 1444 quidem
559 1396 739 1444 scriptoris
768 1393 950 1431 consilium
980 1405 1024 1429 ex
1052 1376 1203 1437 illorum,
1231 1392 1355 1441 quibus
1384 1393 1481 1436 vixit,
1509 1394 1592 1427 tem·

126 1479 251 1518 porum
295 1469 429 1504 ratione
467 1466 708 1518 explicandum
746 1466 883 1504 videtur
919 1477 1016 1511 esse,
1046 1477 1134 1511 cum,
1165 1466 1222 1515 qui
1251 1466 1339 1502 iuris
1368 1464 1483 1502 studio
1514 1476 1591 1515 ope-

127 1553 199 1578 ram
217 1539 354 1586 dabant,
379 1539 461 1590 quid
491 1543 658 1589 cuiusque
687 1541 906 1589 imperatoris
935 1544 1039 1585 esset,
1068 1551 1137 1576 non
1167 1537 1350 1576 admodum
1381 1543 1594 1588 quaererent,

127 1611 189 1651 sed
217 1613 333 1665 legum
365 1625 570 1663 eorumque,
600 1625 687 1664 quae
715 1612 806 1665 legis
833 1614 944 1651 vicem
974 1612 1185 1659 obtinerent,
1215 1601 1316 1663 quasi
1345 1615 1513 1664 synopsin
1543 1626 1594 1651 re-

124 1688 215 1724 ferre
244 1689 331 1724 satis
359 1687 533 1726 haberent.
598 1687 687 1724 Eius
724 1690 772 1724 rei
802 1686 968 1724 indicium
999 1686 1083 1723 facit
1121 1691 1155 1723 et
1183 1684 1420 1732 Athanasius,
1450 1688 1508 1737 qui
1539 1687 1594 1725 Iu·

124 1762 208 1798 stini
237 1762 448 1812 temporibus
477 1774 546 1799 non
583 1759 624 1798 de
652 1760 838 1799 Iustiniani
865 1759 1027 1798 Novellis
1065 1765 1197 1798 tantum
1228 1761 1353 1799 librum
1390 1763 1596 1813 composuit,

126 1834 189 1871 sed
217 1837 321 1871 etiam
351 1835 476 1871 Iustini
506 1836 770 1872 constitutiones
781 1829 818 1886 2)
861 1832 1078 1885 recipiendas
1122 1845 1214 1888 esse*
1230 1832 1355 1881 duxit,
1397 1847 1441 1873 ex
1469 1836 1596 1885 quibus

126 1921 230 1946 unam
247 1908 363 1953 latius,
390 1921 490 1958 quam
520 1908 672 1958 reliquas
700 1907 829 1954 retulit,
858 1920 946 1958 quae
976 1906 1018 1945 de
1046 1908 1257 1958 reliquorum
1286 1907 1503 1959 indulgentia
1532 1914 1597 1956 est,

126 1994 229 2032 quam
274 1980 409 2032 quidem
458 1980 502 2019 ad
537 1984 732 2033 praesentis
771 1983 936 2033 temporis
972 1984 1141 2020 rationem
1180 1994 1280 2020 nemo
1319 1982 1424 2020 facile
1456 1984 1598 2034 negabit

125 2056 416 2095 accommodatam
455 2069 534 2094 esse
579 2061 707 2103 totam,
753 2061 954 2107 perpetuam
992 2068 1132 2094 causam
1170 2056 1297 2095 habere
1337 2070 1407 2095 non
1447 2060 1532 2095 item
1545 2052 1596 2111 ³).

126 2129 223 2172 Quae
253 2144 356 2182 quum
387 2132 437 2168 ita
466 2134 548 2177 sint,
578 2131 680 2168 facile
710 2135 765 2168 est
794 2129 838 2168 ad
868 2129 1185 2176 demonstrandum,
1216 2131 1310 2169 illam
1347 2130 1498 2182 quidem,
1528 2145 1598 2183 qua

126 2204 281 2242 collectio
306 2203 507 2243 CLXVIII.
536 2203 764 2243 Novellarum
795 2203 939 2243 totidem
970 2204 1181 2244 authenticis
1212 2205 1479 2258 exemplaribus,
1507 2218 1597 2257 quae

128 2290 149 2314 a
175 2278 380 2324 Iustiniano,
409 2279 553 2329 reliquis
582 2280 738 2330 profecta
767 2292 847 2318 esse
876 2279 1054 2327 dicantur,
1093 2282 1295 2319 constitisse
1324 2278 1496 2326 credatur,
1525 2283 1597 2331 opi·

128 2354 263 2390 nionem
293 2354 329 2390 in
357 2351 413 2390 his
441 2353 579 2405 quidem
610 2356 827 2405 antiquitatis
857 2357 1100 2401 monumentis,
1130 2367 1174 2392 ex
1202 2356 1328 2405 quibus
1357 2361 1518 2393 naturam
1547 2358 1598 2392 in-

131 2425 310 2474 dolemque
347 2426 451 2463 huius
490 2430 644 2478 corporis
687 2427 799 2466 adhuc
835 2431 1073 2480 cognovimus,
1102 2427 1189 2466 nihil
1218 2429 1403 2478 quicquam
1431 2427 1598 2479 praesidii

218 2570 256 2611 1)
283 2571 373 2605 Vide
398 2571 539 2607 Theod.
564 2584 666 2616 νεαρ.
693 2574 771 2608 166.
795 2585 830 2618 p.
856 2564 1063 2610 164.'Quae
1088 2574 1134 2608 ad
1156 2572 1266 2607 finem
1288 2571 1373 2608 libri
1395 2576 1598 2621 temporum

133 2625 261 2661 iniuria
274 2628 497 2675 exciderunt,
524 2642 570 2664 ex
590 2630 778 2666 titulorum
794 2631 931 2676 indice,
958 2631 1018 2677 qui
1049 2644 1084 2678 p.
1108 2632 1143 2667 6.
1162 2630 1337 2676 habetur,
1360 2633 1460 2667 nullo
1490 2634 1599 2680 plane

133 2684 276 2726 negotio
286 2689 412 2731 supple
418 2691 511 2721 ntur.

224 2741 262 2779 2)
289 2742 361 2776 Tit.
377 2743 410 2776 3.
436 2755 470 2787 p.
489 2744 559 2786 46„
584 2743 636 2778 tit.
656 2745 710 2779 10.
736 2749 849 2779 const.
866 2747 923 2779 ll.
948 2758 983 2792 p.
1009 2747 1104 2792 132„
1128 2745 1183 2782 tit.
1195 2745 1251 2781 20.
1278 2749 1392 2783 const.
1406 2747 1441 2784 6.
1465 2760 1503 2794 p.
1517 2748 1598 2785 177.

223 2796 262 2838 3)
291 2798 364 2831 Tit.
387 2799 442 2833 20.
469 2804 580 2833 const.
608 2801 642 2835 6.
662 2813 695 2845 p.
725 2802 802 2837 177.
828 2814 903 2848 seq.
