1753 3215
832 203 899 257 '11

134 348 270 386 ratione
298 343 368 382 sibi
395 341 596 390 conveniat,
629 345 708 396 ipse
740 342 878 384 viderit.
941 342 1113 385 Videmus
1141 346 1234 384 enim
1262 355 1425 398 magnam
1455 343 1611 383 rubrica·

133 434 212 460 mm
247 422 402 470 partem,
439 430 529 469 quae
564 424 637 458 tam
673 417 1048 473 apudecrimgerum‚
1090 432 1195 472 quam
1232 418 1325 472 apud
1361 417 1609 459 Haloandrum

134 493 255 533 eodem
278 491 382 544 plane
411 491 514 532 modo
542 492 700 540 habetur,
729 506 774 532 ex
788 492 975 534 Athanasii
1003 493 1253 546 Theodorique
1281 495 1541 532 commentariis
1567 495 1607 532 in

132 571 319 617 utrumque
353 566 504 607 codicem
532 569 759 614 translatam,
795 581 864 620 qua
897 571 935 608 in
962 581 1001 607 re
1027 567 1153 608 horum
1181 570 1389 620 scriptorum
1415 568 1523 606 verba
1549 567 1606 606 vel

132 641 301 694 religiose
328 643 556 682 observantur
580 643 639 683 vel
664 643 857 696 paullulum
886 647 1126 687 immutantur.
1191 641 1310 694 Atque
1344 655 1390 682 ex
1416 640 1606 681 Athanasii

135 714 273 768 quidem
293 720 542 757 commentario
557 716 646 757 haec
662 716 799 770 quidem
829 720 1044 759 rubricarum
1074 730 1158 771 pars
1186 717 1232 757 ad
1259 719 1402 757 verbum
1431 716 1606 757 translata

133 803 214 830 esse
252 795 422 845 reperitur
435 788 483 846 1).
538 791 709 832 Novellae
739 793 805 833 16.
834 796 972 833 rubrica
1009 797 1047 833 in
1076 799 1223 844 utroque
1248 793 1339 832 libro
1368 792 1495 831 hausta
1523 804 1604 830 esse

132 867 301 918 reperitur
329 880 374 906 ex
401 867 589 907 Athanasii
626 870 681 907 tit.
711 868 749 908 1.
788 873 898 908 const.
928 866 996 908 10.
1033 882 1070 920 p.
1108 866 1196 917 19.;
1233 867 1408 907 Novbllae
1451 866 1521 906 22.
1558 879 1605 904 ex

134 941 289 981 eiusdem
320 944 501 994 scriptoris
530 946 584 982 tit.
616 942 682 984 10.
713 951 826 982 const.
854 943 894 982 2.
922 956 958 995 Ρ.
989 942 1103 992 113.;
1131 942 1304 982 Novellae
1318 941 1388 982 31.
1416 954 1462 980 ex
1491 943 1546 980 tit.
1559 938 1603 980 4.

133 1021 246 1056 const.
277 1015 343 1055 11.
379 1031 414 1069 p.
443 1013 532 1067 56.;
567 1017 738 1057 Novellae
765 1016 836 1058 48.
872 1031 917 1057 ex
944 1021 999 1057 tit.
1027 1017 1069 1058 9.
1098 1023 1210 1058 const.
1238 1016 1280 1058 4.
1311 1032 1346 1070 p.
1375 1015 1491 1064 1⁰1.;
1528 1015 1603 1055 No·

133 1091 245 1128 vellae
272 1089 343 1130 63.
381 1104 425 1129 ex
454 1093 508 1129 tit.
537 1091 605 1129 21.
636 1096 748 1130 const.
779 1091 819 1130 2.
847 1104 882 1142 p.
914 1089 1028 1137 180.;
1063 1091 1237 1130 Novellae
1265 1088 1336 1131 85.
1374 1104 1418 1129 ex
1446 1093 1502 1129 tit.
1531 1087 1602 1128 20.

134 1171 247 1205 coust.
275 1162 317 1205 4.
336 1179 372 1217 p.
391 1164 504 1213 176.;
532 1165 703 1206 Novellae
721 1164 817 1206 100.
846 1180 890 1205 ex
918 1168 974 1206 tit.
1004 1165 1072 1210 10.
1102 1171 1215 1207 const.
1242 1164 1284 1206 8.
1311 1180 1347 1218 Ρ.
1377 1161 1494 1213 125.;
1527 1164 1603 1204 No-

133 1239 246 1277 vellae
276 1238 371 1278 110.
401 1253 446 1278 ex
474 1243 529 1278 tit.
561 1240 627 1279 17.
657 1248 769 1279 const.
799 1241 838 1280 2.
873 1255 909 1293 p.
939 1239 1055 1291 161.;
1090 1240 1262 1279 Novellae
1293 1237 1389 1279 133.
1418 1252 1463 1278 ex
1491 1242 1536 1278 tit-
1565 1237 1604 1277 l.

135 1318 248 1352 const.
281 1311 348 1353 14.
375 1328 411 1365 p.
436 1313 528 1362 21.;
557 1313 730 1354 Novellae
749 1312 843 1355 153.
873 1328 918 1354 ex
945 1318 1001 1355 tit.
1032 1313 1099 1355 18.
1129 1321 1242 1355 const.
1270 1314 1312 1357 7.
1339 1330 1375 1367 Ρ.
1407 1312 1503 1354 167.
1531 1312 1605 1352 Ne-

134 1401 201 1440 que
236 1387 362 1427 desunt
389 1377 536 1428 aliarum
564 1391 777 1429 rubricarum
814 1403 860 1428 ex
897 1389 1018 1429 eodem
1046 1391 1145 1429 fonte
1173 1392 1210 1428 in
1238 1395 1423 1441 utrumque
1451 1387 1605 1427 codicem

133 1464 382 1501 translatarum
420 1464 598 1514 exempla,
635 1477 724 1515 quae
753 1467 790 1503 in
819 1466 1075 1515 antiquissimis
1103 1463 1338 1502 Athanasiani
1368 1464 1485 1514 operis
1512 1461 1605 1500 codi-

134 1538 231 1575 cibus
252 1538 375 1589 plenae
390 1538 613 1586 habebantur,
642 1551 735 1578 nunc
763 1544 877 1578 autem
907 1540 1042 1578 verbis:
1071 1535 1140 1578 καὶ
1168 1533 1222 1578 τὰ
1250 1532 1344 1591 ἑξῆς
1371 1537 1427 1577 vel
1455 1534 1523 1577 καὶ
1552 1531 1606 1577 τὰ

133 1609 258 1651 λοιπὰ
274 1612 402 1651 additis
425 1616 461 1651 in
485 1615 588 1652 breve
611 1618 809 1652 contractae
837 1613 1015 1659 habentur,
1045 1626 1188 1663 quarum
1219 1618 1334 1651 tamen
1362 1613 1509 1650 formam
1538 1624 1603 1663 ge-

133 1688 275 1725 nuinam
305 1692 375 1725 tam
389 1669 625 1735 Florentinus,
654 1700 757 1738 quam
773 1685 930 1725 Venetus
946 1686 1173 1726 Novellarum
1190 1685 1301 1725 codex
1327 1686 1460 1728 retulit.
1497 1684 1602 1728 Quod

133 1759 271 1811 quidem
300 1761 471 1800 accidisse
499 1760 657 1799 videmus
684 1764 722 1799 in
750 1761 887 1798 rubrica
914 1758 1008 1799 Nov.
1037 1759 1125 1807 43„
1154 1774 1242 1812 quae
1270 1762 1306 1799 in
1335 1767 1481 1811 utroque
1507 1761 1598 1799 libro

131 1836 323 1885 perscripta
352 1839 406 1873 est
433 1840 525 1881 tota,
566 1847 643 1873 cum
672 1838 709 1873 in
737 1835 930 1873 Parisiensi
958 1833 1146 1873 Athanasii
1175 1833 1292 1873 codice
1320 1837 1376 1874 tit.
1406 1834 1444 1873 2.
1483 1840 1598 1874 const.

136 1906 204 1947 ll.
219 1922 254 1959 p.
270 1905 339 1948 41.
359 1910 397 1947 in
412 1910 514 1947 breve
534 1913 710 1947 contracta
727 1911 792 1956 sit3
821 1908 952 1948 factum
977 1913 1031 1947 est
1061 1911 1164 1947 etiam
1194 1910 1231 1947 in
1259 1911 1314 1947 tit.
1331 1907 1398 1948 14.
1427 1915 1540 1948 const.
1556 1908 1598 1948 2.
1638 1954 1641 1957 ,

131 1996 167 2034 Ρ.
184 1980 280 2023 149.
309 1983 436 2022 collata
464 1996 541 2022 cum
571 1982 740 2022 Novellae
766 1982 837 2023 47.
866 1984 1022 2031 rubrica;
1052 1986 1089 2022 in
1117 1985 1171 2022 tit.
1189 1982 1228 2024 7.
1258 1988 1369 2022 const.
1394 1981 1434 2023 3.
1464 1997 1499 2035 p.
1526 1981 1598 2023 83.

134 2057 214 2096 coll.
242 2056 336 2096 Nov.
365 2056 454 2103 49.,
491 2060 528 2096 in
556 2060 612 2097 tit.
643 2056 682 2096 1.
718 2062 831 2097 const.
861 2056 901 2096 3.
929 2071 962 2108 p.
993 2053 1060 2096 15.
1089 2058 1170 2096 coll.
1197 2057 1292 2096 Nov.
1320 2055 1410 2103 86.,
1449 2057 1598 2108 denique

133 2134 171 2169 in
201 2133 256 2170 tit.
292 2129 333 2170 4.
371 2135 482 2169 const.
512 2129 578 2170 16.
615 2144 649 2182 p.
679 2127 749 2170 59.
778 2131 858 2171 coll.
886 2130 980 2170 Nov.
1012 2129 1106 2170 113.
1177 2130 1268 2169 Sunt
1295 2135 1412 2169 tamen
1441 2135 1476 2169 et
1504 2131 1596 2169 aliae

131 2217 194 2256 per
220 2209 402 2255 utrumque
430 2203 582 2243 codicem
610 2206 776 2251 rubricae,
805 2218 891 2255 quae
928 2218 1004 2243 cum
1034 2203 1219 2243 Athanasii
1247 2206 1433 2242 maximam
1461 2185 1595 2256 partem

134 2280 356 2326 conveniant,
398 2278 491 2318 hunc
519 2284 646 2325 tamen,
674 2291 719 2317 ex
747 2292 814 2329 quo
844 2267 1081 2324 manaverunt,
1109 2278 1239 2316 sontem
1268 2291 1338 2316 non
1366 2291 1478 2329 usque
1506 2278 1595 2318 adeo

132 2356 383 2404 expresserint,
421 2356 463 2392 ut
505 2366 574 2391 non
603 2351 733 2403 aliquid
761 2352 884 2392 saltem
913 2365 957 2390 ex
985 2353 1135 2403 genuino
1164 2350 1391 2390 Novellarum
1431 2358 1598 2392 contextu

134 2426 178 2466 ad
207 2441 282 2466 eam
311 2440 384 2466 rem
414 2426 583 2465 adiectum
614 2428 673 2465 sit.
730 2426 800 2473 Sic,
828 2439 915 2477 quae
941 2429 979 2464 in
1006 2425 1176 2464 Novellae
1191 2426 1231 2467 2.
1259 2427 1399 2465 rubrica
1425 2425 1599 2466 habentur

133 2502 216 2540 inde
233 2515 255 2540 a
269 2504 401 2540 verbis:
431 2496 509 2552 ἔχει
525 2497 570 2539 δὲ
582 2494 802 2554 πρόφασιν,
830 2512 907 2538 cum
922 2499 1013 2550 apud
1028 2498 1261 2538 Athanasium
1278 2501 1333 2539 tit.
1350 2498 1417 2540 10.
1433 2507 1546 2542 const.
1557 2500 1596 2541 l.

133 2589 169 2626 p.
190 2574 284 2615 112.
314 2589 383 2614 non
399 2578 481 2622 sint,
510 2588 553 2613 ex
580 2577 657 2625 ipso
686 2575 944 2613 constitutionis
972 2579 1090 2611 tenore
1118 2573 1279 2624 suppleta
1306 2573 1469 2613 videntur
1496 2587 1597 2622 esse3

127 2647 227 2698 ,quod
259 2648 351 2688 idem
381 2652 418 2688 in
444 2648 593 2688 Novella
621 2646 690 2687 32.
718 2647 886 2708 accidisse
913 2645 1089 2694 videmus,
1130 2649 1167 2685 in
1196 2650 1296 2686 cuius
1324 2649 1464 2687 rubrica
1490 2650 1599 2690 verba

134 2717 218 2761 ἀπὸ
246 2723 329 2763 τῶν
364 2724 553 2779 γεωργῶν
586 2723 772 2770 habentur,
811 2735 898 2774 quae
934 2725 970 2761 in
999 2720 1187 2761 Athanasii
1222 2724 1276 2762 tit.
1307 2719 1374 2763 16.
1413 2729 1527 2763 const.
1558 2724 1598 2766 1.

224 2878 266 2924 1)
289 2879 409 2916 Huius
425 2880 481 2917 rei
494 2881 666 2918 indicium
675 2881 830 2918 feceram
846 2875 1122 2917 ἰιιἈνεκδότων
1137 2871 1429 2929 tom.'11.prol.p.
1439 2882 1599 2920 vam.
