1753 3215
843 240 897 284 21

136 381 225 420 qnae
254 381 330 420 cap.
362 366 403 407 l.
428 367 614 418 praefecti
638 371 836 419 practorio
863 373 1001 423 propria
1030 376 1122 418 sunt,
1154 370 1219 410 hoc
1257 372 1335 411 loco
1354 374 1499 412 ‘omissa
1526 385 1609 412 esse

100 436 407 495 ,reperiuntur¹),
436 446 471 479 et
499 454 572 494 cap.
584 438 665 496 6.²)
694 444 856 497 legisque
884 447 1020 499 epilogo
1032 443 1069 500 ³)
1098 447 1190 491 illae,
1221 459 1309 498 quas
1338 460 1447 499 supra
1472 449 1605 501 signifi-

135 521 310 563 cavimus,
351 517 531 555 verborum
566 520 839 569 permutationes
874 522 988 560 factae
1024 527 1120 561 sunt.
1177 520 1235 559 Ex
1263 520 1339 567 his,
1373 533 1462 571 quae
1491 520 1604 560 adbuc

132 592 398 644 disputavimus,
426 597 461 631 et
488 591 576 633 illud
604 596 692 631 satis
720 599 880 644 apparet,
907 595 1077 646 quomodo
1105 600 1184 646 ipsa
1210 595 1384 633 Novellae
1411 598 1606 647 inscriptio,

134 678 223 717 quac
251 664 341 717 apud
364 665 599 720 Scrimgerum
628 670 680 705 sic
708 666 827 706 babet:
852 664 1018 724 Ἰωάννῃ
1051 669 1110 725 τῷ
1141 664 1448 725 μακαριωτάτῳ
1464 665 1603 722 ἀρχι-

131 736 338 796 επισκόπῳ
367 744 541 792 corrumpi
566 745 729 792 potuerit.
787 742 1019 794 Temporibus
1047 745 1246 783 Iustiniani.
1264 744 1324 794 qui
1354 741 1600 781 Constantino-

130 815 304 867 politanae
339 817 489 854 civitatis
517 813 796 867 archiepiscopus
836 817 961 864 fuerit,
1002 816 1193 856 Iohannem
1223 819 1418 869 reperimus
1452 817 1600 863 nullum,

131 889 277 941 ideoque
300 897 460 940 ‚nostrae
495 891 709 930 collectionis
751 893 955 943 compilator
990 905 1035 930 ex
1063 906 1133 931 uno
1177 894 1439 931 constitutionis
1479 903 1598 929 exem-

130 965 220 1016 plari
254 966 463 1003 Iohannem
494 967 722 1015 praesectum
760 969 977 1016 praetorio,
1018 979 1062 1005 ex
1106 966 1215 1004 altero
1252 965 1432 1005 Hennam
1469 967 1597 1004 archi—

132 1041 339 1088 episcopum
378 1038 812 1088 Constantinopolitanae
854 1042 1016 1079 civitatis
1052 1042 1087 1078 in
1126 1038 1218 1077 hunc
1251 1039 1367 1077 locum
1397 1038 1597 1077 traduxisse

96 1126 99 1129 ·
132 1110 386 1150 existimandus
432 1118 511 1159 est,
551 1124 654 1163 quam
704 1126 777 1151 rem
817 1114 981 1152 librarius
1019 1115 1133 1151 scriba
1176 1126 1253 1151 cum
1303 1126 1374 1151 non
1424 1113 1595 1165 intellige·

130 1192 208 1232 ret,
254 1186 352 1223 illius
396 1198 540 1231 nomen,
594 1185 700 1223 huius
744 1185 947 1238 dignitatem
994 1189 1166 1232 retinens,
1224 1191 1460 1224 monstrosum
1505 1183 1595 1224 illud

128 1261 368 1308 inscriptionis
401 1270 513 1309 genus
548 1259 696 1296 effinxit.
731 1279 788 1288 —
853 1258 1004 1300 Quaeret
1039 1260 1183 1308 aliquis,
1221 1260 1443 1309 quamobrem
1477 1257 1595 1312 huius,

130 1345 219 1385 quac
246 1334 282 1371 in
298 1331 434 1371 Veneto
464 1329 582 1369 codice
609 1330 764 1378 habetur,
796 1332 1009 1371 collectionis
1038 1333 1241 1384 compilator
1269 1332 1407 1371 diversa
1436 1329 1591 1371 eiusdem

128 1408 218 1459 legis
262 1406 473 1456 exemplaria
517 1407 607 1442 inter
651 1418 689 1443 se
726 1406 912 1444 contulerit
954 1407 1179 1456 lectionisque
1214 1409 1416 1444 varietatem
1453 1406 1593 1444 adnota-

128 1484 229 1520 verit.
302 1480 407 1519 Hanc
444 1493 508 1532 ego
553 1492 625 1518 rem
663 1494 708 1517 ex
747 1480 884 1531 vulgari
923 1478 1078 1519 codicum
1123 1480 1306 1519 collatione
1341 1478 1592 1518 emendatione-

130 1567 196 1606 que
228 1553 468 1605 explicandam
504 1565 583 1591 esse
611 1565 754 1599 censeo,
790 1565 909 1604 quam,
938 1554 997 1604 qui
1032 1554 1197 1592 librorum
1233 1550 1339 1592 manu
1375 1558 1592 1592 exaratorum

129 1631 367 1667 auctoritatem
382 1627 615 1674 adstruebant,
635 1640 737 1677 quam
753 1634 911 1677 poterant
922 1626 1200 1678 diligentissime,
1210 1630 1392 1672 instituere
1421 1628 1591 1672 solebant,

128 1700 219 1753 quod
229 1701 480 1740 Salmasiusin
489 1701 772 1738 exercitationum
786 1699 1024 1738 Plinianarnm
1054 1699 1097 1737 ad
1123 1699 1280 1737 Solinum
1307 1700 1440 1751 proleg.
1468 1713 1504 1751 p.
1522 1699 1588 1739 IV.

128 1777 258 1825 attigit.
315 1774 369 1811 Ita
395 1777 465 1810 iam
494 1772 668 1810 Hadriani
696 1774 906 1822 temporibus
935 1771 1065 1810 Aulum
1095 1773 1267 1818 Gellium,
1303 1778 1343 1810 ut
1372 1785 1487 1809 veram
1518 1772 1587 1809 Te-

126 1850 230 1886 rentii
262 1847 443 1885 lectionem
473 1851 714 1898 cognosceret,
753 1844 796 1883 ad
824 1846 932 1883 libros
959 1834 1094 1883 ⁴veteres
1122 1859 1331 1897 provocasse
1358 1845 1518 1885 videmus
1528 1840 1587 1898 4);

127 1923 180 1958 sic
214 1920 305 1958 idem
350 1922 497 1968 scriptor
537 1922 725 1969 genuinum
771 1923 965 1957 orationum
1004 1933 1025 1957 a
1066 1919 1190 1957 Marco
1235 1919 1357 1957 Tullio
1392 1918 1588 1957 habitarum

127 1999 325 2033 contextum
349 2007 392 2031 ex
411 1993 665 2042 exemplaribus
680 1991 908 2037 fidelissimis,
936 1993 1061 2042 quibus
1089 1993 1197 2030 libros
1225 1993 1388 2043 vulgares
1418 1994 1588 2043 opposuit,

126 2066 345 2106 adstruxisse
372 2069 542 2117 reperitur
553 2061 607 2118 ⁵);
637 2067 798 2104 similiter
824 2070 1049 2117 imperatores
1063 2065 1287 2104 Theodosius
1306 2066 1587 2105 Valentinianus·

127 2136 233 2194 que⁶)
263 2139 420 2178 codicum
436 2140 653 2178 collationem
684 2139 977 2187 commendarunt,
1004 2145 1044 2178 ut
1070 2145 1223 2192 genuina
1249 2145 1402 2177 veterum
1431 2140 1582 2178 Ictorum

124 2216 230 2254 verba
245 2219 464 2260 eruerentur3
493 2226 594 2265 quam
625 2213 768 2252 eandem
796 2218 887 2252 viam
917 2219 951 2252 et
978 2216 1013 2251 in
1044 2226 1163 2251 sacrae
1191 2216 1380 2265 scripturae
1407 2212 1506 2251 libris
1532 2215 1583 2251 in—

125 2289 348 2343 grediendam
366 2302 444 2327 esse
460 2294 604 2327 sanctus
621 2288 841 2341 Augustinus
855 2283 889 2341 ⁷)
909 2287 1008 2326 docet
1024 2294 1057 2326 et
1073 2291 1109 2326 in
1130 2288 1275 2325 Graecis
1291 2293 1453 2336 quattuor
1481 2300 1586 2325 evan-

216 2437 255 2479 1)
282 2435 588 2471 Monasteriorum
613 2436 679 2470 sub
702 2440 762 2470 tna
784 2434 1054 2470 constitutorum
1077 2435 1255 2467 sanctitate
1279 2432 1388 2478 (Cap.
1412 2432 1467 2475 1.)

216 2492 256 2535 2)
283 2493 354 2526 Aut
376 2490 435 2526 hic
455 2492 711 2536 ylovtosissimis
732 2492 912 2536 praesectis
933 2490 1371 2534 sucronem-praetoriorum
1396 2488 1579 2533 (θαμὰ).

214 2550 252 2594 3)
277 2551 353 2583 Tua
374 2548 487 2592 igitur
508 2549 688 2583 beatitudo.
715 2548 835 2595 (epil.)

214 2606 388 2650 4)'Noct.
410 2606 484 2641 Att.
506 2604 568 2640 lib.
590 2604 625 2639 4.
651 2616 730 2650 cap.
751 2604 808 2641 16.

215 2663 255 2704 5)
281 2663 324 2697 L.
348 2673 379 2697 ο.
401 2662 463 2697 lib.
488 2663 544 2697 12.
569 2672 647 2707 cap.
670 2662 727 2697 10.

214 2717 255 2762 6)
282 2718 324 2753 C.
350 2718 383 2753 1.
408 2717 550 2754 Theod.
575 2717 666 2753 Cod.
691 2718 737 2753 de
770 2715 952 2763 responsis
987 2714 1200 2761 prudentum
1227 2713 1278 2757 (1.
1300 2711 1375 2756 4.);
1406 2714 1438 2748 si
1467 2718 1582 2751 tamen

126 2786 239 2811 eorum
260 2775 341 2809 libro·
362 2780 501 2820 propter
522 2777 734 2821 antiquitatis
755 2776 913 2810 incertum
935 2773 1081 2807 codicum
1103 2772 1276 2806 collatione
1295 2770 1482 2813 firmentur.

218 2831 258 2877 7)
283 2832 511 2868 Dodoctrina
534 2831 729 2868 christiana
744 2832 806 2867 lib.
824 2830 869 2865 11.
894 2826 973 2876 cap.
990 2828 1047 2864 12.
1073 2829 1251 2863 mullas
1273 2828 1486 2865 obscurum&
1503 2840 1585 2865 aen-

125 2892 250 2932 tentias
270 2890 418 2935 plurium
440 2891 588 2926 codicum
611 2892 770 2935 inspectio
791 2899 891 2933 saepe
912 2886 1149 2931 manifestavit.
1196 2885 1289 2922 Vide
1314 2890 1352 2922 et
1374 2897 1453 2934 cap.
1478 2886 1536 2924 14.

1254 2944 1309 2983 2*
