1753 3215
850 105 908 150 34

87 276 90 279 .
137 236 508 289 Nov.88.tom.11.p.
526 236 607 286 64„
636 240 672 277 in
686 237 780 278 Nov.
813 236 908 278 100.
940 244 1023 278 tom.
1054 239 1121 279 111.
1150 253 1185 291 p.
1202 238 1313 293 464„
1342 246 1379 282 in
1407 240 1501 281 Nov.
1520 238 1615 283 156.

137 322 220 354 tom.
250 315 298 354 ΙΙ.
328 329 363 367 p.
394 311 492 355 735.
522 315 653 354 factum
685 320 750 354 est.
811 314 943 353 Contra
972 318 1008 354 in
1037 314 1113 362 hac,
1144 328 1244 366 quam
1274 317 1502 357 Florentinus
1530 318 1617 356 liber

133 389 249 436 habet,
278 389 507 429 Novellarum
533 390 735 428 collectione
766 391 1055 430 constitutionum
1086 392 1341 441 inscriptiones,
1371 394 1616 443 praefationes,

136 466 279 519 epilogi,
294 467 572 517 subscriptiones
589 466 719 504 relatae
736 470 819 504 sunt
849 464 893 503 ad
922 479 1027 504 unam
1058 478 1191 513 omnes,
1221 466 1314 517 quod
1342 479 1427 505 sane
1456 467 1531 508 fieri
1548 481 1615 507 non

135 544 326 593 potuisset,
369 544 400 579 si
437 540 531 580 hunc
575 541 700 579 librum
745 553 788 579 ex
827 527 914 579 solis
950 540 1116 580 Basilicis
1147 540 1339 579 derivatum
1370 546 1615 582 statueremus.

136 614 260 663 Porro,
290 615 383 667 quod
413 629 661 669 saepenumero
690 618 841 668 genuina
868 615 1094 655 Novellarum
1123 618 1227 655 verba
1256 615 1346 667 apud
1374 616 1615 657 Haloandrum

139 705 182 730 ex
211 691 380 730 Basilicis
416 692 623 743 interpolata
652 691 839 739 habentur,
876 691 943 731 hoc
971 706 1041 731 non
1070 694 1120 730 ita
1149 691 1385 743 accipiendum
1423 697 1487 739 est,
1517 696 1616 743 quasi

140 780 262 805 omnes
292 769 451 814 omnino,
489 780 577 818 quae
605 763 713 806 huius
743 770 897 818 corporis
927 771 1009 806 sunt
1038 769 1073 805 in
1103 769 1252 819 genuino
1282 767 1418 805 illarum
1450 768 1616 806 constitu-

139 844 275 880 tionum
292 846 467 887 contextu,
497 843 762 879 immutationes
792 844 828 879 in
858 841 933 888 hoc,
965 840 1057 892 quod
1073 841 1275 879 Florentiae
1302 840 1458 889 habetur,
1486 841 1615 881 Novel-

138 917 249 955 larum
261 928 386 967 corpus
398 918 634 967 migraverint.
658 916 733 954 Imo
753 920 835 954 sunt
851 929 920 954 non
930 915 1115 954 admodum
1132 918 1234 966 pauci
1249 916 1355 956 huius
1369 918 1449 956 libri
1464 917 1542 964 loci,
1556 917 1615 955 ubi

140 992 290 1042 genuina
305 989 534 1029 Novellarum
554 991 660 1028 verba
680 989 888 1035 referuntur,
920 992 962 1027 ab
979 991 1073 1027 omni
1087 989 1320 1027 Basilicorum
1350 992 1615 1042 interpolatione

140 1070 282 1113 remota,
312 1067 411 1104 cuius
442 1066 581 1118 generis
611 1065 768 1116 exempla
795 1063 863 1103 hoc
890 1065 968 1103 loco
985 1077 1166 1115 ponemus.
1198 1064 1266 1111 Sic,
1296 1064 1387 1115 quod
1416 1069 1498 1117 post
1523 1064 1615 1103 Leo·

143 1143 200 1180 nis
230 1143 397 1192 sapientis
426 1139 611 1178 Novellam
649 1137 719 1178 46.
757 1141 885 1179 curiae
916 1141 1189 1191 curialiumque
1228 1142 1436 1179 mentionem
1474 1142 1512 1178 in
1548 1139 1614 1178 Ba·

145 1217 255 1255 silicis
270 1215 388 1254 baberi
417 1216 560 1261 nullam,
592 1219 625 1253 et
640 1215 847 1262 Anonymus
878 1211 1114 1266 διαιρέσεως
1144 1217 1291 1265 scriptor
1306 1211 1339 1267 ¹)
1371 1215 1511 1253 disertis
1540 1228 1620 1252 νεῖ--

142 1292 197 1329 bis
220 1289 373 1342 prodidit
393 1294 427 1328 et
445 1290 634 1328 multorum
662 1287 770 1327 huius
801 1291 957 1341 corporis
986 1290 1141 1328 locorum
1172 1303 1247 1328 cum
1278 1290 1445 1335 fontibus,
1476 1302 1519 1327 ex
1542 1289 1613 1339 qui·
1637 1278 1641 1283 ’

146 1367 212 1403 bus
242 1364 382 1402 deducti
412 1369 516 1410 sunt,
553 1366 808 1413 comparatione
836 1363 1032 1401 Heimbach
1069 1364 1304 1410 confirmavit„
1332 1366 1369 1401 in
1399 1376 1506 1401 causa
1536 1364 1612 1410 fuit,

146 1452 251 1491 quare
281 1444 315 1477 et
344 1442 379 1477 in
411 1438 591 1489 permultis
620 1437 815 1475 Florentini
844 1438 922 1475 libri
951 1438 1038 1475 locis
1068 1437 1152 1475 haec
1181 1437 1300 1476 eadem
1339 1440 1483 1475 omissio
1520 1438 1613 1475 facta

143 1516 207 1559 sit;
238 1511 300 1549 sed
329 1515 365 1549 in
394 1512 547 1549 Novella
579 1508 658 1549 151
691 1515 811 1548 contra
840 1511 982 1557 factum,
1014 1524 1089 1548 cum
1121 1517 1155 1549 et
1182 1513 1218 1549 in
1247 1512 1463 1561 praefatione
1491 1512 1611 1549 verba:

140 1581 366 1637 βουλευτὰς
403 1580 428 1636 ἢ
466 1577 673 1631 ταξεώτας
717 1583 808 1634 apud
847 1584 1079 1635 Scrimgerum
1118 1584 1426 1634 Haloandrumque
1468 1589 1614 1631 exstent,

140 1674 346 1713 quamquam
375 1661 412 1697 in
441 1658 607 1697 Basilicis
637 1656 691 1696 ed.
711 1657 906 1695 Heimbach
937 1662 1020 1697 tom.
1038 1658 1067 1696 Ι.
1095 1671 1130 1705 p.
1147 1655 1245 1701 265.
1274 1662 1387 1710 prima
1412 1658 1493 1697 illa:
1520 1658 1614 1709 βου·

140 1732 284 1783 λευτᾶς
313 1730 338 1786 ἢ
369 1734 620 1779 desiderantur,
650 1738 685 1771 et
715 1731 759 1770 ad
789 1731 944 1770 eiusdem
975 1733 1203 1783 praefationis
1232 1733 1347 1779 finem,
1378 1745 1465 1783 quae
1493 1735 1530 1771 in
1546 1732 1613 1771 Ba·

142 1811 254 1848 silicis
281 1815 361 1860 post
388 1821 508 1846 vocem
537 1801 743 1857 ταξεῶτην
773 1810 906 1845 omissa
934 1812 1038 1844 sunt:
1067 1800 1093 1856 ἢ
1121 1801 1359 1856 βουλευτήν,
1387 1811 1458 1844 tam
1487 1809 1524 1845 in
1546 1806 1614 1846 Ve-

143 1889 237 1930 neto,
270 1896 371 1932 quam
401 1884 439 1919 in
467 1880 671 1918 Florentino
701 1879 818 1917 codice
848 1881 1080 1928 reperiantur,
1118 1878 1267 1928 denique
1303 1881 1340 1916 in
1368 1882 1479 1931 primo
1509 1879 1614 1917 huius

144 1958 404 1996 constitutionis
428 1956 540 2005 capite
555 1952 680 1991 ibidem
711 1952 895 1990 habeatur:
925 1946 1129 2003 ταξεῶτην
1157 1948 1183 2002 ἢ
1211 1946 1505 2003 βουλευτήν,
1534 1954 1615 1991 licet

142 2037 320 2084 postrema
350 2029 418 2068 duo
448 2030 555 2066 verba
584 2029 620 2065 in
650 2026 816 2065 Basilicis
846 2024 971 2063 desint.
1004 2047 1055 2054 —
1128 2013 1187 2064 Ad
1216 2025 1361 2064 eundem
1392 2038 1533 2065 censum
1562 2040 1613 2065 re-

141 2105 334 2145 vocandum
364 2103 515 2148 videtur,
543 2101 635 2153 quod
664 2104 700 2139 in
728 2100 898 2139 Novellae
915 2098 1008 2139 123.
1039 2113 1112 2151 cap.
1144 2098 1209 2140 14.
1237 2100 1469 2140 Basilicorum
1499 2105 1614 2140 aucto-

143 2183 279 2219 ritatem
308 2179 534 2218 Florentinae
565 2176 781 2214 collectionis
825 2174 1029 2225 compilator
1057 2179 1197 2213 secutus
1226 2188 1295 2213 non
1326 2187 1403 2213 esse
1432 2176 1612 2225 reperitur.

145 2257 198 2295 Ibi
212 2256 400 2305 presbyter,
431 2245 611 2297 diaconus,
642 2248 877 2287 subdiaconus
902 2251 933 2286 si
952 2253 1032 2298 post
1049 2252 1222 2298 peractam
1249 2247 1499 2287 ordinationem
1530 2260 1613 2286 uxo-

145 2343 218 2368 rem
234 2328 382 2374 duxerit,
397 2326 523 2378 deponi
537 2326 686 2371 iubetur,
701 2321 841 2377 καὶτῇ
871 2320 1034 2378 βουλῇ
1062 2321 1134 2375 τῆς
1163 2316 1326 2371 πόλεως,
1357 2319 1399 2362 ἐν
1426 2311 1455 2377 ᾗ
1483 2320 1614 2374 κληρι-

148 2401 215 2451 κὸς
243 2394 302 2451 ἦν,
330 2424 387 2429 --
417 2392 731 2454 παραδιδόσθω.
791 2398 833 2435 In
861 2397 1094 2436 Basilicorum
1125 2402 1288 2437 contextu
1317 2394 1391 2450 (ed.
1420 2394 1612 2434 Heimbach

148 2484 230 2517 tom.
261 2478 290 2519 Ι.
320 2491 355 2529 p.
380 2473 494 2529 100.)
524 2475 630 2514 verba
657 2471 708 2527 τῇ
736 2471 869 2526 βουλῇ
900 2471 981 2509 data
1010 2483 1112 2522 opera
1140 2474 1273 2511 omissa
1301 2475 1403 2521 atque
1431 2473 1467 2508 in
1496 2483 1613 2508 eorum

240 2661 279 2705 1)
305 2662 409 2708 Apud
433 2660 632 2696 Heimbach
653 2656 894 2694 ’Λνεκδότων
931 2662 1018 2693 tom.
1050 2658 1093 2693 11.
1126 2669 1162 2703 p.
1194 2655 1274 2691 325.
1307 2650 1401 2691 διότι
1432 2652 1475 2689 τὰ
1506 2655 1613 2701 περὶ

153 2720 175 2760 β
186 2728 204 2751 ο
215 2729 236 2750 υ
247 2718 264 2749 λ
274 2728 289 2751 ε
300 2730 321 2750 υ
331 2719 386 2751 τῶ
395 2729 416 2752 ν
440 2716 507 2752 ὂυκ
520 2716 655 2762 ἐδέχθη
672 2714 712 2752 τὸ
729 2711 912 2762 παράπαν
924 2710 1027 2761 παρὰ
1051 2715 1124 2750 τῶν
1139 2710 1182 2747 τὰ
1197 2709 1367 2758 βασιλικὰ
1390 2711 1614 2758 ἐπιθεμένων.

244 2774 282 2817 2)
306 2774 541 2810 Basilicorum
557 2776 681 2810 tom.1.
706 2787 741 2820 p.
766 2774 848 2809 332.
874 2775 949 2808 not.
972 2782 1006 2816 9.
