1753 3215
844 225 900 270 13

131 358 421 398 constitutionum
435 354 647 407 exemplaria
676 356 857 408 utriusque
880 356 1102 396 ‘collectionis
1131 358 1293 408 scriptori
1320 368 1365 395 ne
1392 353 1509 395 fuisse
1534 356 1610 407 qui-

132 433 212 472 dem
242 428 287 469 ad
316 441 470 470 manum.
522 429 634 470 Cuius
662 432 713 469 rei
741 428 845 470 fidem
862 437 913 484 '¹¹5
940 432 1125 480 faciamus,
1152 446 1197 471 en
1226 433 1291 471 tibi
1319 431 1518 485 catalogum
1534 428 1609 489 ssh*

131 510 222 545 rumv
238 504 376 557 legum,
406 518 473 556 qua
501 506 537 544 in
567 518 606 544 re
635 506 850 545 contexenda
877 509 914 545 in
943 519 1148 559 unaquaque
1175 508 1257 559 lege
1285 505 1431 552 dicetur,
1459 510 1495 544 et
1522 503 1608 557 quid

131 577 224 631 apud
252 578 485 633 Scrimgerum
514 580 826 633 Haloandrumque
853 582 1037 629 referatur,
1072 588 1106 620 et
1135 583 1263 633 quibus
1291 593 1337 619 ex
1363 581 1521 619 fontibus
1548 580 1606 618 vel
1626 569 1633 574 ”
1653 568 1659 571 ’

129 652 358 693 Novellarum
380 656 538 694 rubricae
565 655 641 701 vel,
672 668 761 706 quae
787 659 825 694 in
852 662 999 707 utroque
1028 656 1146 695 codice
1174 658 1405 707 reperiuntur,
1433 655 1605 705 epitomae

130 725 298 766 deductae
335 731 419 768 sint.
486 727 541 767 Ac
567 728 739 768 Novellae
767 728 819 777 9.,
847 743 936 782 quae
965 729 1161 768 Athanasio
1198 732 1253 767 tit.
1283 728 1325 767 2.
1354 737 1468 769 const.
1496 725 1538 766 4.
1566 741 1603 780 p.

131 799 199 841 38.
235 809 389 842 auctore.
411 803 542 842 Latine
578 807 708 856 scripta
742 792 827 852 fuit,
869 818 934 844 nec
974 808 1128 858 genuina
1166 805 1270 842 verba
1306 816 1372 841 nec
1399 801 1538 840 summa
1565 805 1604 840 in

128 868 277 929 utroque
313 877 432 917 codice
467 877 654 926 habentur3
691 879 782 932 apud
817 880 1059 919 Haloandrum
1098 879 1195 918 deest
1231 885 1265 917 et
1302 878 1460 923 rubrica,
1499 890 1604 927 quam

129 951 350 1006 Scrimgerus
388 966 433 992 ex
462 952 658 992 Athanasio
697 953 867 995 exhibuit.
895 975 952 983 —·
1009 953 1121 994 Porro
1150 967 1195 992 ex
1222 952 1375 992 Novella
1404 950 1484 999 11.,
1513 965 1605 1003 quae

131 1026 252 1065 eodem
268 1027 464 1066 Athanasio
493 1032 547 1066 tit.
579 1027 616 1066 1.
648 1037 760 1066 const.
782 1027 850 1067 18.
878 1043 912 1080 p.
941 1027 983 1068 8.
1012 1034 1101 1066 teste
1128 1027 1258 1065 Latina
1286 1028 1364 1073 fuit,
1392 1026 1481 1064 nihil
1509 1028 1604 1076 quic-

127 1112 232 1152 quam
260 1106 332 1139 tam
362 1104 398 1141 in
420 1101 608 1157 Scrimgeri
637 1101 738 1152 quam
768 1103 805 1140 in
835 1100 1033 1140 Haloandri
1061 1100 1213 1140 editione
1240 1104 1394 1152 positum
1421 1103 1603 1152 reperitur,

128 1178 189 1224 qui
225 1188 290 1213 nec
326 1179 498 1226 epitomen
536 1175 673 1226 quidem
710 1174 816 1213 huius
849 1175 942 1227 legis
977 1175 1117 1213 habent.
1189 1174 1377 1213 Rubricam
1415 1173 1605 1213 Athanasii

129 1247 349 1300 Scrimgerus
378 1248 526 1296 exhibet,
554 1247 760 1287 Halo‘ander
786 1249 889 1300 plane
917 1250 1062 1288 nullam.
1080 1268 1135 1275 —
1167 1249 1212 1303 ¹lu
1231 1247 1385 1287 Novella
1402 1246 1483 1295 23„
1503 1251 1604 1287 cuius

128 1323 247 1373 priora
281 1323 385 1360 verba
414 1322 545 1360 Latina
580 1329 614 1360 et
643 1322 861 1360 Athanasius
890 1324 945 1361 tit.
975 1322 1016 1361 7.
1046 1327 1157 1361 const.
1187 1322 1227 1362 2.
1257 1328 1293 1360 et
1322 1321 1524 1360 Haloander
1552 1335 1605 1361 re-

129 1396 292 1443 tulerunt,
321 1409 382 1447 per
415 1402 599 1447 utrumque
628 1396 780 1435 codicem
819 1395 907 1434 nihil
942 1398 1126 1447 quicquam
1160 1402 1295 1446 praeter
1321 1395 1509 1435 Athanasii
1535 1399 1606 1447 epi-

129 1475 245 1508 tomen
275 1473 455 1521 reperitur.
512 1470 701 1509 Rubricam
731 1469 910 1508 Theodori
942 1483 974 1521 p.
1004 1467 1075 1508 43.
1105 1469 1308 1508 Haloander
1337 1469 1494 1520 exhibet3
1532 1471 1606 1518 illa,

128 1557 233 1595 quam
262 1544 482 1597 Scrimgerus
512 1558 556 1583 ex
584 1544 720 1584 Veneto
748 1545 837 1583 libro
866 1543 998 1589 hausit,
1027 1542 1121 1583 unde
1149 1546 1362 1590 manaverit,
1402 1545 1506 1596 plane
1534 1558 1604 1583 non

129 1624 279 1657 constat.
308 1639 365 1646 —
420 1618 537 1657 Etiam
565 1618 740 1659 Noveuae
768 1616 848 1665 33„
878 1631 979 1669 quam
1010 1616 1207 1656 Athanasio
1236 1620 1289 1657 tit.
1322 1615 1387 1658 16.
1417 1624 1530 1657 const.
1561 1617 1602 1660 3.

127 1706 163 1742 p.
194 1690 290 1731 159.
334 1692 608 1742 Haloandroque
636 1694 837 1730 auctoribus
865 1691 1032 1729 Latinam
1061 1692 1173 1729 fuisse
1202 1693 1290 1729 satis
1319 1697 1468 1739 constat,
1496 1694 1601 1731 verba

128 1768 280 1817 genuina
308 1768 345 1803 in
373 1770 519 1815 utraque
549 1765 699 1803 editione
728 1764 864 1810 desunt,
894 1776 957 1802 nec
986 1765 1135 1814 epitome
1162 1764 1256 1815 apud
1282 1765 1521 1818 Scrimgerum
1538 1766 1599 1805 ha-

128 1825 227 1877 betur
269 1838 342 1876 ulla
358 1868 368 1884 ,
412 1839 569 1888 quamvis
612 1838 813 1876 Haioander
855 1836 1035 1876 Theodori
1062 1851 1098 1888 p.
1136 1836 1207 1879 49.
1266 1824 1440 1877 summani
1482 1841 1597 1878 rubri-

127 1926 273 1964 camque
313 1914 483 1964 posuerit.
554 1910 653 1955 Quae
696 1924 741 1950 ex
767 1910 903 1950 Veneto
946 1913 1034 1951 libro
1074 1912 1166 1964 apud
1193 1912 1429 1966 Scrimgerum
1459 1913 1597 1953 exhibe-

128 1996 185 2024 tur
211 1987 358 2032 rubrica,
387 1999 475 2031 eam,
505 1998 583 2023 cum
612 1998 675 2024 nec
699 1985 878 2024 Theodori
906 1999 972 2024 nec
999 1985 1185 2024 Athanasii
1213 1999 1293 2025 esse
1321 1987 1424 2024 facite
1453 1992 1598 2035 constet,

128 2073 172 2098 ex
208 2061 328 2112 ignota
355 2058 504 2110 quadam
531 2059 760 2097 Novellarum
795 2060 997 2098 collectione
1032 2061 1224 2111 profectam
1262 2073 1342 2098 esse
1377 2060 1510 2099 credas.
1539 2081 1596 2089 -

126 2132 293 2172 Latinam
332 2133 444 2171 fuisse
481 2141 515 2170 et
542 2130 726 2170 Novellam
756 2130 825 2177 34.
863 2138 934 2171 tam
964 2132 1181 2171 Athanasius
1219 2135 1274 2172 tit.
1305 2131 1372 2173 16.
1410 2138 1524 2172 const.
1552 2134 1594 2174 2.

125 2222 161 2260 p.
192 2205 303 2253 160„
332 2220 433 2258 quam
463 2205 666 2244 Haloander
693 2212 881 2253 testantur3
917 2207 1023 2245 huius
1051 2207 1142 2259 legis
1170 2211 1355 2245 contextus
1382 2209 1419 2245 in
1449 2212 1595 2258 utraque

128 2281 278 2322 editione
305 2295 375 2321 non
411 2280 573 2328 habetur,
609 2282 709 2319 cuius
745 2292 808 2319 nec
835 2292 1009 2319 summam
1044 2281 1260 2319 rubricamve
1287 2280 1506 2333 Scrimgerus
1534 2295 1595 2321 ex-

126 2356 251 2395 hibuit.
309 2355 513 2394 Haloander
539 2359 734 2405 utramque·
750 2366 794 2391 ex
822 2353 1008 2392 Theodoro
1037 2354 1167 2393 hausit.
1197 2373 1253 2381 -·
1309 2354 1483 2394 Novellae
1513 2353 1595 2404 35„

127 2443 231 2484 quam
260 2436 296 2470 ct
323 2429 539 2469 Athanasius
566 2430 621 2468 tit.
652 2428 720 2469 22.
748 2434 858 2468 const.
886 2427 927 2469 4.
956 2442 991 2480 p.
1009 2427 1104 2468 182.
1134 2435 1169 2468 et
1196 2428 1401 2468 Haloander
1428 2429 1592 2471 Latinam
1638 2442 1640 2445 ·

128 2506 241 2544 fuisse
269 2505 464 2556 perhibent,
495 2507 695 2541 contextum
723 2502 941 2554 Scrimgerus
970 2501 1239 2553 Haloanderque
1267 2506 1594 2553 praetermiseruut3

128 2579 347 2634 Scrimgerus
364 2593 428 2619 nec
456 2580 627 2617 rubricam
657 2590 871 2616 summamve
900 2576 1030 2624 habuit,
1059 2590 1160 2627 quam
1190 2582 1372 2628 utramque
1387 2578 1595 2619 Haloander

127 2666 173 2691 ex
199 2653 387 2692 Theodoro
417 2667 451 2705 p.
468 2651 537 2692 49.
567 2649 721 2690 deduxit.
737 2671 790 2679 —
832 2650 928 2690 Idem
957 2652 1051 2690 vaiet
1078 2657 1112 2688 et
1139 2654 1177 2690 in
1193 2650 1346 2690 Novella
1374 2649 1442 2691 36.
1459 2658 1495 2691 et
1512 2651 1595 2702 37„

128 2739 275 2777 quarum
304 2741 461 2767 summas
490 2728 714 2777 rubricasque
739 2726 941 2765 Haloander
971 2739 1016 2763 ex
1044 2724 1231 2764 Theodoro
1261 2739 1299 2776 p.
1312 2723 1383 2765 50.
1412 2726 1595 2775 derivavit,

127 2798 348 2853 Scrimgerus
376 2801 482 2841 habet
510 2804 650 2841 omnino
680 2800 795 2840 nullas
810 2829 820 2847 ,
847 2799 998 2839 Latinas
1013 2805 1143 2838 ‹autem
1172 2800 1285 2838 fuisse
1313 2805 1349 2838 et
1375 2800 1595 2842 Athanasius

127 2876 184 2916 tit.
214 2874 281 2914 19.
320 2882 432 2915 const.
462 2876 501 2916 2.
529 2890 564 2928 p.
596 2873 689 2916 170.
719 2882 753 2914 et
781 2877 834 2914 tit.
863 2874 904 2915 2.
941 2879 1052 2914 const.
1080 2873 1122 2914 6.
1159 2889 1195 2927 p.
1225 2871 1294 2916 39.
1323 2874 1595 2928 Haloanderque
