1753 3215
845 229 903 274 27

143 369 231 408 quae
259 368 352 396 nnnc
380 356 622 406 recitabuntur,
650 362 689 397 ut
717 357 804 407 has,
841 372 928 412 quae
955 359 1142 400 Iustiniani
1169 364 1306 407 essent,
1345 360 1617 399 constitutiones

141 434 179 471 in
193 435 317 470 nostra
330 428 556 470 Novellarum
586 433 787 471 collectione
815 440 970 486 receptas
998 447 1078 473 esse
1107 436 1215 483 solas,
1244 435 1398 473 exclusis
1425 434 1494 481 hic,
1523 445 1614 484 quae

141 506 281 553 Iuntini,
297 504 535 556 Tiberfisunt,
563 507 822 561 eparchicisque
837 510 1031 550 luculenter
1044 509 1335 550 demonstremus,
1373 508 1465 548 Sunt
1493 513 1610 548 autem

141 580 246 618 haec:
283 581 372 635 Pag.
401 580 498 622 235.
533 583 721 623 Novellam
757 583 854 624 140.
890 587 926 623 in
961 585 1129 624 Basilicis
1165 583 1338 636 receptam
1374 596 1455 622 ene
1492 588 1609 636 negat,

142 653 267 693 deinde
294 658 431 698 scribit:
467 651 574 710 ἆύτη
603 654 649 697 δὲ
677 653 773 697 ὄυδὲ
805 657 864 705 εἲς
890 654 938 698 τὸ
968 653 1122 705 πλάτος
1150 653 1312 712 ἐγράφη
1341 658 1425 697 τῶν
1452 657 1609 712 νεαρῶν

143 717 200 771 ὥς
228 714 331 766 οὖσα
355 714 577 767 Ἰουστίνου
613 727 688 768 τοῦ
730 724 833 780 μετὰ
860 724 933 768 τὶν
955 723 1245 768 Ἰουστινιανὸν
1271 720 1605 779 βασιλεύσαντος,

140 799 199 839 ubi
231 798 341 847 hanc,
382 797 484 851 uiuam
513 815 595 852 prae
633 815 735 841 manu
771 801 909 849 habuit,
953 803 1181 849 Novellarum
1221 803 1459 841 collectionem
1497 805 1605 841 mani·

139 874 231 913 festo
247 871 294 914 τὸ
323 869 478 922 πλάτος
504 877 586 916 τῶν
613 877 767 931 νεαρῶν
793 881 1004 929 nuncupavit
1018 873 1051 929 ¹)
1081 878 1319 929 Novellaeque
1350 878 1487 924 Iustini‚
1515 890 1604 928 quae

140 951 174 986 in
192 948 394 988 CLXVIII.
423 964 564 999 corpore
592 942 746 997 hal3etui3
773 954 924 1003 genuina
951 954 1054 990 verba
1082 954 1119 990 in
1147 953 1234 990 libro
1264 965 1329 990 suo
1358 958 1495 1003 recepta
1522 964 1603 990 este

138 1026 290 1075 negavit.
319 1044 374 1053 ——
431 1024 526 1064 Idem
556 1039 633 1064 cum
662 1039 741 1078 pag.
770 1024 867 1066 236.
895 1026 1079 1065 Novellam
1112 1024 1206 1066 161.
1236 1029 1272 1064 in
1301 1026 1467 1065 Basilicis
1497 1027 1602 1065 collo-

139 1102 251 1136 catam
281 1110 360 1135 esse
388 1110 520 1150 negans
547 1099 794 1151 parentheseos
821 1101 897 1138 loco
926 1099 1012 1137 haec
1041 1099 1153 1137 addit:
1183 1097 1267 1138 ἐστὶ
1283 1096 1329 1137 δὲ
1341 1093 1391 1151 γ’.
1416 1096 1600 1147 διάταξις

137 1172 220 1212 τῶν
246 1173 401 1226 νεαρῶν
427 1173 502 1212 τοῦ
534 1171 740 1226 Τιβερίου,
772 1169 820 1213 οὗ
850 1168 1093 1226 κατεσρώθη
1123 1169 1178 1220 δέ,
1206 1173 1312 1212 huius
1341 1176 1598 1213 constitutionis

139 1248 291 1298 genuina
326 1248 431 1285 verba
465 1249 502 1285 in
539 1247 764 1288 Novellarum
802 1249 1001 1288 collectione
1030 1247 1149 1287 haberi
1177 1255 1281 1301 negat
1310 1262 1393 1295 sua,
1429 1232 1509 1300 (juia
1537 1248 1599 1287 Ti·

138 1321 225 1358 berii
262 1323 327 1365 sit,
366 1324 465 1371 eique
495 1322 687 1361 collectioni
713 1324 846 1361 Tiberii
875 1323 1044 1362 Novellas
1084 1326 1237 1361 numeris
1274 1322 1457 1362 distinctas
1496 1327 1597 1373 quasi

138 1393 339 1445 appendicis
355 1394 433 1432 loco
452 1395 655 1433 subiunctas
671 1407 750 1434 esse
766 1397 949 1448 significat,
967 1408 1052 1446 quae
1068 1395 1187 1433 eadem
1197 1408 1254 1433 res
1263 1396 1352 1447 apud
1366 1396 1597 1449 Scrimgerum

138 1469 357 1519 significatur
384 1482 418 1519 p.
449 1466 546 1508 388.
582 1469 639 1508 his
666 1472 800 1508 verbis:
838 1463 863 1521 ἦ
892 1463 969 1521 ρξά
998 1464 1180 1516 διάταξις
1217 1465 1291 1509 οὒκ
1319 1463 1476 1523 ἐγράφη
1504 1460 1596 1517 ὧδε,

139 1536 195 1590 ὥς
232 1533 335 1582 οὖσα
365 1537 400 1595 γ’
435 1540 642 1596 Τιβερίου.
671 1565 727 1574 -
783 1544 961 1596 Denique,
1004 1542 1095 1594 quod
1130 1542 1220 1582 idem
1259 1547 1403 1595 scriptor
1437 1558 1471 1595 p.
1500 1542 1595 1584 236.

137 1617 322 1657 Novellam
365 1614 460 1657 165.
487 1621 524 1657 in
553 1619 641 1657 llbro
669 1615 738 1658 58ss
775 1618 1006 1657 Basilicarum
1044 1619 1244 1656 collocatam
1285 1618 1474 1664 affirmans,
1508 1618 1595 1657 haec

138 1691 270 1730 subdit:
300 1689 343 1731 ἐν
369 1689 414 1731 δὲ
435 1692 493 1747 τῷ
517 1686 672 1743 χύματι
703 1688 751 1731 οὐ
781 1694 919 1739 κεῖται,
949 1688 1044 1731 ὄυδὲ
1072 1685 1234 1745 εὑρέθη,
1262 1688 1371 1739 τίνος
1397 1689 1515 1740 ἐστίν,
1544 1695 1592 1743 ip-

136 1777 215 1803 sum
243 1764 349 1803 huius
376 1766 466 1816 legis
495 1770 692 1803 contextum
718 1767 755 1803 in
784 1776 848 1803 suo
876 1764 1101 1803 Novellarum
1129 1766 1217 1803 libro
1256 1765 1376 1803 deesse
1387 1761 1422 1818 ²)
1461 1766 1592 1817 signifi-

137 1844 202 1885 cat,
231 1851 305 1884 nec,
335 1853 356 1877 a
384 1852 450 1889 quo
480 1841 684 1891 imperatore
712 1839 784 1877 lata
812 1841 870 1886 sit,
898 1841 1039 1889 reperiri
1069 1841 1237 1890 potuisse.
1280 1838 1362 1877 Non
1391 1844 1505 1878 tamen
1533 1852 1589 1877 us-

138 1925 204 1963 que
231 1911 317 1951 adeo
345 1911 610 1963 procedendum,
645 1917 684 1950 ut
712 1912 841 1950 nullam
872 1914 1010 1950 omnino
1038 1914 1127 1950 inter
1156 1925 1250 1959 eam,
1278 1923 1365 1962 quae
1392 1914 1429 1950 in
1456 1912 1590 1952 Veneto

226 2124 265 2168 1)
291 2124 407 2159 Simili
429 2123 535 2158 modo
560 2125 596 2157 et
619 2122 681 2158 alii
702 2123 806 2168 hanc,
830 2134 922 2169 quae
945 2123 1146 2158 authentica
1163 2122 1393 2157 Novellarum
1407 2122 1588 2166 exempla-

136 2181 191 2215 ria
214 2181 375 2223 haberet,
407 2180 650 2215 collectionem
684 2180 926 2222 designarunt.
985 2180 1046 2214 Sic
1076 2179 1288 2213 Theodorus
1319 2178 1508 2212 Balsamon
1541 2179 1587 2212 ad

135 2236 257 2273 Photii
279 2247 453 2271 nomocan
477 2236 573 2272 tit.l.
598 2246 675 2281 cap.
700 2235 756 2271 34.
780 2234 1051 2271 in'bibliotheca
1073 2234 1161 2269 iuris
1185 2233 1344 2268 canonici
1368 2233 1424 2269 ed.
1448 2234 1587 2270 Iustelli

138 2300 223 2331 tom.
247 2296 291 2330 II.
316 2308 352 2341 p.
367 2295 448 2330 856.
471 2290 544 2338 πρὸ
566 2293 629 2326 τοῦ
651 2292 870 2334 συντεθῆναι
893 2289 932 2326 τὸ
955 2291 1091 2330 πλάτος
1115 2291 1187 2325 τῶν
1204 2292 1347 2336 νεαρῶν
1369 2294 1405 2325 et
1419 2293 1486 2326 ιο.
1505 2303 1585 2338 cap.

137 2355 194 2388 28.
217 2352 341 2398 p.847,
367 2352 462 2396 quod
475 2351 525 2384 ita
540 2350 663 2384 habet:
688 2345 783 2390 πλὴν
803 2350 972 2393 γίνωσκε,
996 2345 1051 2382 ὅτι
1073 2345 1093 2390 ἡ
1117 2347 1188 2394 μὲν
1210 2343 1324 2391 νεαρὰ
1347 2348 1411 2380 τοῦ
1428 2346 1588 2381 Ἰουστι-

137 2408 266 2444 νιανοῦ
288 2408 339 2446 εἰς
362 2403 496 2445 πλάτος
519 2402 767 2451 εὑρ“ισκομένη
789 2405 898 2449 λέγει,
923 2416 1033 2451 quare
1058 2404 1270 2449 originarius
1293 2403 1470 2438 Novellae
1500 2415 1587 2439 con-

138 2471 272 2508 textus,
294 2466 345 2500 ita
368 2464 419 2498 uti
442 2464 479 2497 in
503 2461 630 2496 πλάτει
652 2462 821 2505 habetur,
845 2462 945 2506 haec,
971 2473 1063 2507 quae
1085 2464 1293 2506 sequuntur,
1316 2459 1448 2494 habere
1471 2461 1585 2504 signi-

136 2523 275 2559 ficatur.

227 2598 268 2642 2)
294 2598 399 2632 Hunc
420 2595 544 2630 librum
562 2593 669 2628 verbo
690 2590 825 2638 χῦματι
840 2590 1019 2634 designari
1044 2595 1079 2626 et
1101 2590 1474 2630 totus‚sententiarum
1498 2603 1585 2627 con—

139 2659 258 2690 textus
290 2655 415 2697 docet,
455 2657 491 2687 et
519 2652 757 2696 Epanagoges
794 2647 969 2693 praefatio
1008 2648 1212 2693 confirmat,
1244 2659 1348 2693 quam
1378 2648 1515 2684 Wrrrn
1545 2649 1585 2684 in

137 2714 266 2749 Museo
302 2710 477 2746 Rhenano
508 2713 579 2745 tom
606 2708 666 2743 111.
690 2718 726 2753 p.
749 2706 805 2741 32.
835 2704 967 2751 publici
995 2704 1083 2740 iuris
1107 2704 1204 2741 fecit.
1250 2704 1312 2740 Sic
1343 2705 1438 2742 enim
1461 2705 1584 2742 habet:

138 2770 200 2804 καὶ
232 2768 379 2815 πρῶτον
416 2767 489 2814 μὲν
519 2761 568 2800 τὰ
599 2764 641 2799 ἐν
677 2759 846 2797 πλάτει.
873 2763 961 2796 τῶν
990 2762 1205 2796 παλαιῶν
1235 2756 1400 2806 νόμων
1431 2764 1584 2810 κείμενα

136 2823 284 2862 ἅπαντα
296 2822 602 2870 ἀνακαθαρίσασα
625 2820 667 2856 ἐν
678 2815 732 2867 μ’.
752 2820 888 2865 βίβλοις
909 2817 1098 2856 ἀθόλωτον
1120 2819 1184 2853 καὶ
1205 2814 1410 2854 ἀνόθευτον
1433 2816 1479 2855 τὸ
1494 2820 1585 2856 πᾶν

68 2869 70 2874 ¹
130 2884 261 2929 χῦμα
285 2881 364 2916 τοῦ
387 2877 598 2926 νόμου-
622 2874 713 2925 ὑμῖν
735 2876 892 2923 ἐκέρασε.
