1753 3215
848 134 908 181 lo

140 266 368 308 Novellarum
387 266 648 306 commentariis
675 264 845 306 derivavit
856 261 906 320 1).
962 260 1020 302 Ad
1046 260 1112 300 has
1140 260 1426 301 constitutionum
1453 256 1611 296 rubricas

143 341 302 394 singulas
339 354 478 394 semper
513 343 642 393 ubique
671 340 871 381 adnotatum
915 352 994 378 esse
1029 337 1213 388 reperitur,
1251 332 1334 385 quid
1370 339 1445 385 quo¹
1465 331 1543 379 loco
1570 333 1609 370 iu

141 416 312 456 Basilicis
341 417 549 457 collocatum
579 419 645 465 sit,
674 421 746 463 aut,
774 414 889 468 siquid
916 417 954 453 in
981 412 1047 451 hoc
1074 410 1190 463 legum
1220 421 1364 460 corpore
1391 408 1611 461 praetermis-

143 504 224 530 snm
254 496 327 539 est,
361 491 431 531 hoc
457 492 514 530 vel
542 490 683 530 disertis
709 491 823 529 verbis
852 489 1137 528 commemoratur
1163 482 1220 522 vel
1247 484 1353 521 tacito
1382 483 1610 535 significatur.

145 562 263 608 Quam
299 564 439 616 quidem
477 564 732 605 adnotationem
769 566 843 602 sive
872 564 914 602 ab
944 561 1080 608 eodem,
1121 559 1179 610 qui
1212 557 1368 595 rubricas
1405 559 1612 609 composuit,

146 639 339 690 profectam
377 652 458 679 esse
495 638 634 687 credas,
686 641 761 678 sive
795 631 1047 689 posterioribus
1085 632 1293 684 temporibus
1334 628 1451 668 deberi
1492 632 1611 670 existi·

149 726 244 760 mes,
278 713 369 753 illud
398 713 536 766 quidem
566 714 788 753 manifestum
818 718 882 757 est,
911 712 1144 755 rubricarum,
1171 719 1257 759 quae
1284 707 1333 745 ibi
1361 706 1489 744 relatae
1518 711 1612 755 suut,

149 792 223 827 vim
266 794 302 827 et
329 771 535 841 potestatem
579 802 601 826 a
629 787 807 826 Theodori
837 787 1002 835 Syntomo
1040 795 1247 835 suspensam
1275 793 1353 820 esse
1382 784 1510 827 totam,
1552 793 1613 819 ne·

152 876 218 913 que
241 865 278 901 in
306 862 364 901 his
386 863 524 914 quidem
554 867 736 915 quicquam
767 873 891 900 causae
924 871 1013 906 esse,
1043 870 1147 910 quare
1175 858 1377 909 collectione
1406 853 1612 895 CLXVIII.

155 935 384 974 Novellarum
427 936 571 975 totidem
609 937 806 976 authentica
844 934 1069 974 Novellarum
1110 933 1395 971 constitutionum
1441 929 1613 981 exempla-

152 1012 207 1048 ria
244 1010 495 1062 comprehensa
531 1012 645 1049 fuisse
683 1010 849 1049 dicantur.
878 1029 933 1036 —
1004 1007 1177 1057 Sequitur,
1205 1011 1244 1043 ut
1273 1004 1315 1043 de
1343 1005 1412 1052 his,
1440 1018 1528 1055 quos
1559 1018 1613 1042 se·

153 1082 266 1121 cundo
297 1088 333 1121 et
360 1086 462 1122 tertio
491 1084 569 1122 loco
602 1087 801 1136 posuimus,
838 1082 991 1121 fontibus
1031 1079 1269 1124 disseramus,
1312 1077 1379 1117 hoc
1421 1082 1499 1127 est,
1541 1080 1613 1118 vim

154 1164 190 1197 et
217 1163 423 1210 potestatem
466 1159 720 1210 expendamus,
758 1171 858 1208 quam
895 1158 1022 1195 Graeci
1048 1155 1273 1194 Novellarum
1304 1153 1441 1192 codices
1468 1156 1506 1193 in
1540 1155 1615 1193 vul-

153 1233 231 1283 gari
273 1234 434 1283 opinione
463 1232 590 1272 tuenda
629 1232 779 1272 habituri
820 1233 910 1279 sint,
953 1244 1040 1283 quae
1070 1229 1207 1281 quidem
1235 1227 1424 1280 disputatio
1452 1229 1534 1268 licet
1571 1228 1615 1268 ad

155 1305 313 1344 diversos
330 1298 335 1302 ¹
355 1306 540 1346 admodum
578 1308 686 1347 libros
713 1308 905 1358 pertineat,
941 1309 992 1345 ita
1019 1310 1133 1344 tamen
1161 1304 1265 1343 habet
1294 1307 1511 1344 coniunctam
1548 1305 1616 1344 sibi

152 1382 302 1418 invicem
341 1387 377 1418 et
410 1381 524 1419 r'erum
566 1386 601 1420 et
640 1382 822 1420 verborum
859 1382 1047 1426 rationem,
1089 1383 1129 1417 ut
1171 1378 1256 1416 mihi
1298 1378 1434 1429 quidem
1476 1391 1615 1430 persua-

154 1452 268 1499 deam,
293 1459 431 1504 optume
447 1455 629 1501 facturum,
659 1456 691 1492 si
719 1456 778 1504 qui
806 1458 986 1504 utramque
1014 1464 1086 1490 rem
1116 1451 1259 1490 dicendo
1289 1454 1488 1504 coniungat.
1527 1451 1617 1491 Sunt

154 1533 266 1565 autem
292 1526 359 1566 hae
387 1528 442 1565 vel
472 1530 622 1567 maxime
652 1541 788 1575 causae,
817 1532 857 1566 ut
885 1530 1016 1579 opinor,
1046 1529 1133 1565 satis
1161 1525 1317 1573 idoneae,
1347 1540 1452 1578 quare
1479 1528 1617 1581 vulgari

149 1602 212 1638 isti
240 1603 394 1652 opinioni
422 1604 458 1639 in
487 1601 553 1640 hac
581 1602 718 1652 quidem
746 1606 892 1651 utraque
919 1614 957 1638 re
986 1603 1167 1651 quicquam
1197 1600 1386 1638 adiumenti
1415 1613 1495 1639 esse
1522 1614 1618 1652 prae·

149 1674 258 1713 fracte
286 1688 465 1727 negemus.
535 1674 589 1714 Ac
618 1679 766 1728 primum
797 1674 934 1726 quidem
963 1677 1000 1713 in
1030 1679 1175 1726 utraque
1213 1675 1416 1714 collectione
1444 1675 1617 1715 Novellae

148 1752 338 1802 vigesimae
379 1753 501 1788 tertiae
537 1749 770 1789 authenticum
809 1750 984 1800 exemplar
1019 1762 1088 1786 non
1116 1747 1282 1796 habetur,
1319 1749 1382 1788 sed
1418 1750 1481 1788 illa
1509 1749 1617 1789 huius

152 1825 410 1861 constitutionis
439 1826 597 1873 epitome,
625 1837 712 1874 quae
740 1823 831 1874 apud
858 1822 1091 1861 Athanasium
1120 1824 1174 1860 tit.
1203 1823 1243 1862 7.
1273 1829 1384 1862 const.
1415 1823 1453 1863 2.
1482 1838 1517 1876 p.
1545 1822 1617 1864 82.

152 1897 333 1947 reperitur,
360 1909 424 1934 nec
451 1896 538 1934 haec
566 1896 703 1947 quidem
731 1903 816 1942 tota,
847 1896 910 1934 sed
937 1899 974 1934 in
1004 1901 1168 1947 quantum
1200 1910 1219 1934 a
1239 1897 1473 1936 Basilicorum
1504 1897 1618 1937 archi-

154 1973 257 2008 tectis
284 1972 321 2008 in
350 1970 417 2008 hoc
443 1971 561 2022 legum
590 1983 731 2021 corpore
759 1978 929 2021 receptam
959 1982 1037 2008 esse
1067 1966 1263 2024 constat2).
1330 1970 1441 2014 Quam
1479 1973 1617 2023 quidem

153 2042 342 2081 Athanasii
379 2046 549 2093 epitomen
578 2046 670 2093 siqui
711 2045 960 2095 posterioribus
990 2043 1126 2081 demum
1158 2047 1368 2096 temporibus
1402 2049 1440 2085 in
1466 2046 1619 2087 Latinae

156 2119 426 2163 constitutionis,
455 2130 543 2169 quae
571 2119 613 2155 ab
642 2118 742 2155 initio
771 2118 806 2155 in
838 2115 1038 2155 CLXVIII.
1079 2116 1305 2157 Novellarum
1334 2133 1474 2171 corpore
1502 2122 1618 2169 fuerit,

152 2190 268 2229 locum
297 2192 482 2229 suffectam
512 2203 591 2228 esse
619 2189 747 2237 credat,
776 2190 946 2241 quomodo
976 2203 1053 2229 cum
1082 2191 1215 2242 reliqua
1241 2191 1346 2231 huius
1373 2193 1618 2246 disputationis

245 2367 287 2411 1)
311 2368 394 2402 Huc
405 2368 634 2403 referendum
653 2372 720 2413 est,
745 2368 840 2414 quod
852 2368 889 2403 in
904 2367 1067 2413 Reginae
1077 2369 1194 2405 indice
1205 2371 1381 2408 Novellae
1391 2373 1451 2409 68.
1474 2374 1620 2410 rubrica

154 2425 272 2459 locum
295 2425 471 2459 Novellae
493 2426 552 2461 69.
575 2425 787 2471 occupavit,
811 2429 851 2460 ut
875 2429 911 2460 et
932 2425 1022 2460 haec
1044 2426 1082 2461 in
1104 2427 1201 2462 illius
1223 2429 1339 2464 vicem
1363 2430 1514 2465 suffecta
1537 2442 1619 2467 esse

153 2480 451 2526 deprehenditur,
476 2492 581 2527 quam
606 2492 675 2525 ego
699 2481 981 2517 immutationem
1005 2483 1073 2518 soli
1095 2483 1222 2520 indicis
1246 2486 1413 2532 scriptori
1436 2492 1619 2534 acceptam

152 2537 382 2572 referendam
398 2549 480 2572 esse
497 2538 619 2581 credo,
644 2549 724 2572 cum
741 2543 777 2573 et
793 2539 979 2574 Theodori
996 2540 1191 2577 auctoritas
1213 2546 1405 2588 repugnet,
1427 2555 1495 2579 nec
1518 2546 1619 2591 quic-

153 2604 260 2638 quam
275 2594 313 2628 in
328 2595 469 2629 Veneto
494 2597 555 2628 aut
568 2594 780 2630 Florentino
793 2596 1026 2630 Novellarnm
1051 2597 1173 2632 codice
1191 2598 1379 2645 habeatur,
1403 2613 1514 2647 quare
1537 2614 1617 2639 curn

152 2649 282 2685 indicis
306 2651 484 2698 scriptore
507 2650 692 2687 faciamus.

242 2725 283 2769 2)
307 2726 400 2761 Vide
422 2726 536 2761 Basil.
563 2726 599 2761 9.
622 2726 657 2761 2.
679 2726 714 2763 2.
747 2726 803 2761 ed.
827 2726 1026 2762 Heimbach
1057 2732 1142 2764 tom.
1168 2731 1202 2766 1.
1233 2743 1268 2777 p.
1291 2730 1360 2769 447
1391 2738 1440 2778 et,
1463 2746 1556 2781 quae
1579 2736 1617 2772 in

147 2776 375 2818 ’Λνεκδότων
398 2786 484 2819 tom.
509 2786 538 2819 l.
563 2795 601 2829 p.
625 2784 754 2820 xxxi.
778 2784 1039 2821 adnotavimus.
