1753 3215
848 239 916 289 251

146 367 323 421 designari
358 365 426 405 hoc
462 366 582 407 modo:
619 370 693 409 τοῦ
720 363 831 426 θμω,
855 360 987 419 {bove-
1052 370 1133 409 Hac
1161 384 1211 417 re,
1240 383 1343 422 quam
1373 376 1413 409 ut
1439 371 1558 423 legas,
1597 380 1623 406 a

147 442 292 482 dextera
319 454 425 482 manu
452 443 684 496 incipiendum
724 451 798 495 est,
835 460 896 498 pro
934 460 986 494 ea,
1016 449 1105 498 quae
1132 444 1344 485 Antiochiae
1372 448 1410 484 in
1437 458 1508 484 usu
1535 445 1622 491 fuit,

147 528 229 556 aera
250 517 439 569 significari
461 528 589 558 annum
613 515 724 566 849„
750 520 787 559 id
816 527 880 568 est,
909 534 1000 566 eum,
1031 530 1110 572 quo
1128 520 1216 559 haec
1243 523 1323 572 ipsa
1349 520 1411 558 lex
1439 518 1520 557 data
1549 524 1616 565 est,

118 595 121 597 “
148 595 278 630 certum
307 598 362 631 est
389 585 697 646 indubitatumque,
726 608 794 646 qua
822 595 864 634 de
891 610 930 635 re
958 595 1130 635 Bienerus
1158 594 1270 641 docte,
1299 601 1339 634 ut
1367 594 1468 641 solet,
1497 597 1534 633 in
1562 592 1616 632 hi-

147 668 257 705 storia
283 665 509 707 Novellarum
538 683 573 720 p.
603 667 701 709 518.
730 669 926 722 disputavit.
994 669 1094 714 Quae
1132 673 1214 708 anni
1242 669 1438 722 designatio
1468 682 1546 709 cum
1575 671 1614 707 in

147 742 418 794 subscriptione,
445 743 558 793 qualis
586 744 676 794 apud
704 743 927 784 Theodorum
955 758 989 796 p.
1020 743 1088 784 77.
1123 742 1427 795 Athanasiumque
1446 745 1509 782 ¹tit.
1543 741 1612 782 ll.

147 822 259 855 const.
290 815 329 856 3.
357 831 392 869 p.
425 816 520 856 137.
548 817 703 865 habetur,
731 825 867 871 recepta
894 834 963 859 non
994 823 1060 866 sit,
1089 833 1158 857 non
1187 819 1318 864 dubito,
1347 821 1431 869 quin
1459 819 1611 869 aliquam

146 890 233 936 loci,
270 892 329 929 ubi
367 890 565 930 authentica
592 890 817 931 Novellarum
855 894 1138 931 constitutionum
1176 893 1388 945 exemplaria
1416 892 1613 943 conquisita

146 967 288 1013 fuerint,
316 965 441 1004 haheat
457 967 757 1018 significationem.
798 967 876 1006 Nec
904 981 989 1006 sane
1016 968 1098 1005 huic
1125 970 1343 1007 coniecturae
1372 969 1512 1005 obstare
1539 979 1613 1004 cre—

148 1039 223 1086 das,
252 1039 343 1090 quod
372 1038 539 1092 quasdam
567 1041 681 1093 legum
710 1042 865 1079 rubricas
895 1040 1306 1090 exTheodoriSyntomo
1323 1043 1360 1079 in
1389 1040 1457 1079 hoc
1480 1039 1611 1080 Novel-

146 1114 259 1152 larum
276 1118 560 1154 constitutionum
582 1129 705 1166 corpus
722 1117 910 1154 translatas
927 1128 1006 1152 esse
1019 1115 1182 1161 diximus,
1196 1128 1295 1165 quem
1306 1115 1610 1165 Constantinopoli

147 1190 256 1227 vitam
287 1190 404 1241 egisse
422 1188 612 1227 Zachariae
640 1191 762 1227 statuit
777 1183 824 1241 ¹).
859 1188 926 1227 Est
953 1191 1042 1226 enim
1072 1186 1158 1226 haec
1187 1191 1255 1227 viri
1282 1188 1468 1227 clarissimi
1498 1189 1609 1227 conie-

150 1270 248 1302 ctura
276 1265 327 1299 ita
363 1268 571 1312 comparata,
598 1269 638 1300 ut
665 1264 760 1300 nullo
790 1265 1005 1313 antiquitatis
1033 1265 1232 1301 testimonio
1263 1265 1410 1309 nitatur,
1440 1275 1505 1301 nec
1531 1262 1611 1307 hoc,

151 1334 244 1388 quod
273 1335 475 1374 CLXVIII.
529 1335 754 1374 Novellarum
791 1349 915 1388 corpus
944 1342 978 1375 et
1007 1336 1306 1387 Constantinopoli
1333 1339 1370 1375 in
1397 1350 1466 1375 usu
1493 1337 1610 1385 fuerit,

150 1415 355 1466 argumento
383 1409 656 1449 commendatur.
1367 1390 1374 1397 ἱ

268 1486 369 1524 Haec
394 1485 520 1531 habui,
562 1498 650 1536 quae
679 1478 733 1522 de‘
752 1486 886 1536 origine
915 1487 1003 1529 eins,
1032 1482 1123 1533 quod
1146 1485 1182 1521 in
1207 1482 1324 1521 codice
1347 1482 1481 1522 Veneto
1509 1482 1610 1521 habe-

153 1571 228 1608 tur,
268 1562 422 1611 corporis
452 1559 613 1599 dicerem.
679 1558 796 1597 Aliam
826 1571 961 1610 quoque
989 1557 1214 1596 Novellarum
1246 1558 1491 1602 collectionem,
1522 1570 1611 1607 quae

153 1636 354 1688 authentica
395 1633 621 1672 Novellarum
671 1634 878 1685 exemplaria
928 1632 1068 1671 haberet
1112 1630 1155 1668 ad
1201 1630 1401 1670 CLXVIII.
1452 1630 1608 1670 ordinem
1680 1657 1683 1659 -

154 1712 343 1762 disposita,
386 1709 539 1746 exclusis
581 1708 656 1754 his,
697 1720 785 1758 quae
820 1707 1006 1745 Iustiniani
1041 1719 1111 1743 non
1148 1711 1254 1750 sunt,
1292 1707 1609 1751 constitutionibus,

152 1797 215 1836 per
253 1783 429 1821 Orientem
466 1781 579 1818 fuisse
614 1775 816 1829 σύντομος
851 1777 1045 1832 διαίρεσις
1084 1778 1167 1817 τῶν
1200 1778 1354 1830 νεαρῶν
1389 1778 1463 1816 ταῦ
1504 1774 1608 1817 'Iov-

153 1857 361 1899 στινιανοῦ
376 1861 534 1901 testatur,
564 1868 664 1906 quam
681 1867 725 1892 ex
754 1853 870 1893 codice
898 1866 977 1900 ms„
1006 1854 1064 1905 qui
1090 1854 1182 1890 inter
1198 1852 1353 1890 Graecos
1382 1852 1608 1891 bibliothecae

154 1934 288 1985 Regiae
313 1931 526 1969 Parisiensis
551 1929 659 1967 libros
682 1927 784 1967 hodie
811 1940 955 1965 numero
987 1923 1110 1965 1182.
1139 1928 1298 1978 signatus
1327 1932 1399 1972 est,
1426 1925 1559 1978 Berger
1571 1921 1607 1979 ²)

156 2014 192 2046 et
219 2020 284 2059 ego
296 2002 332 2059 3)
370 2003 560 2050 edidimus,
583 2009 629 2041 -et
665 2001 796 2041 decimo
825 2003 898 2039 fere
924 2006 1004 2052 post
1032 1999 1207 2038 Christum
1243 2006 1361 2037 natum
1399 2000 1537 2038 saeculo
1566 2001 1608 2038 ab

157 2093 326 2127 anonymo
365 2080 552 2127 scriptore,
589 2086 688 2126 quem
727 2074 936 2126 Tanneberg
974 2073 1177 2112 Michaelem
1215 2073 1369 2110 Psellum
1413 2085 1609 2123 nuncupare

155 2156 275 2201 voluit,
305 2155 532 2203 conscriptam
572 2163 650 2187 esse
684 2152 771 2187 satis
809 2155 956 2187 constat.
1018 2149 1054 2186 Is
1091 2150 1235 2197 scriptor
1271 2159 1412 2197 corpore
1449 2146 1607 2196 quodam,

158 2229 249 2282 quod
292 2228 475 2266 Iustiniani
522 2223 690 2264 Novellas
734 2211 885 2259 haberet
916 2220 958 2257 ad
997 2219 1196 2258 CLXVIII,
1242 2218 1395 2256 ordinem
1440 2219 1607 2270 digestas,

158 2318 246 2345 usus
292 2307 361 2348 est,
399 2308 438 2339 ut.
474 2313 517 2337 ex
552 2296 776 2336 Novella'rum
813 2294 857 2333 ad
894 2306 1073 2341 numeroS‚
1110 2296 1168 2344 qui
1204 2295 1241 2331 in
1276 2291 1343 2330 hoc
1378 2293 1496 2344 legum
1534 2306 1608 2332 cor·

159 2391 242 2432 pore
267 2377 452 2419 habentur,
488 2370 685 2409 laudatione
714 2369 815 2407 facile
843 2373 978 2405 constat
989 2363 1039 2419 4).
1102 2366 1224 2416 Neque
1260 2367 1355 2403 solas
1382 2365 1606 2404 Novellarum

157 2478 672 2499 .---———----—--·-

252 2549 292 2593 1)
317 2548 358 2582 ln
372 2537 595 2578 ’Λνεκδότων
617 2541 708 2586 prol.
732 2551 769 2585 p.
790 2537 928 2581 xmx„
950 2536 992 2571 C.

252 2605 293 2648 2)
318 2600 430 2639 Pselli
452 2600 496 2634 de
518 2596 705 2633 Iustiniani
726 2594 886 2631 Novellis
908 2593 1065 2627 libellum
1089 2601 1218 2636 graece
1249 2591 1420 2637 scriptum
1443 2601 1491 2625 ex
1512 2591 1610 2626 litte-

161 2664 212 2701 ris
235 2663 271 2697 b.
297 2661 543 2695 TANnnnnne
555 2654 677 2689 vedidit
698 2655 899 2688 Anna-rus
922 2650 1083 2685 Bnenn
1109 2648 1273 2694 (Lipsiae
1296 2647 1396 2683 1836.
1420 2647 1472 2692 8.)

251 2718 293 2764 3)
310 2711 536 2751 Ἄνεκδότων
558 2717 640 2748 tom.
663 2712 708 2746 ΙΙ.
731 2722 768 2757 p.
790 2707 995 2744 234—237.
1019 2707 1099 2741 coll.
1122 2707 1259 2751 proleg.
1282 2704 1610 2754 p.Lxll.-va1.

252 2776 292 2819 4)
318 2775 399 2809 Hoc
412 2773 484 2808 iam
502 2770 782 2815 significaveram
804 2767 841 2800 in
862 2764 973 2801 libro:
994 2763 1266 2798 Neuelenm'sche
1273 2764 1610 2806 Ia'tteraturzeimq.

163 2830 364 2869 hails-12.
396 2841 433 2874 p.
455 2829 536 2864 556.
588 2826 637 2862 Hi
667 2828 785 2860 autem
812 2821 964 2866 numeri,
995 2830 1084 2866 quos
1114 2820 1146 2855 is
1178 2819 1333 2865 scriptor
1355 2819 1543 2865 laudavit,
1566 2819 1611 2854 ad

163 2894 323 2928 nostram
343 2887 575 2923 Novellarum
598 2882 841 2921 collectionem
863 2876 1093 2915 conveniunt:
1116 2878 1210 2913 Nov.
1231 2877 1266 2913 2.
1290 2889 1329 2914 n.
1348 2877 1445 2915 234..
1467 2877 1561 2912 Nov.
1575 2876 1610 2911 3.
