1753 3215
811 198 866 243 35

113 325 227 365 locum
254 323 305 379 τῇ
333 316 476 371 τάξει
513 325 656 397 suffecta
685 342 763 370 esse
797 335 1023 384 reperiuntur,
1052 335 1175 386 quibus
1203 336 1370 387 iam-non
1400 335 1568 381 arealis,

96 401 181 449 ‚sed
209 400 409 440 cohortalis
438 413 514 440 esse
542 404 687 452 iubetur,
716 410 784 457 qui·
801 410 852 446 ita
878 421 1018 447 uxorem
1049 408 1159 456 duxit.
1224 409 1327 448 Hanc
1362 414 1568 463 ωειςε-

116 478 215 517 nuini
252 478 431 513 contextus
472 478 764 531 interpolationem
779 512 790 529 ,
830 496 929 534 quam
959 496 1024 522 nec
1049 482 1283 535 Scrimgerus-
1305 484 1452 530 abiecit,
1493 481 1565 522 Ha·
1629 490 1632 495 “

116 546 261 588 loander
287 562 354 588 non
404 552 557 605 agnovit.
623 554 682 593 Sic
717 559 805 595 enim
849 557 966 596 habet:
1002 557 1066 611 ’τῇ
1105 553 1268 611 βῗουλῇ
1296 556 1379 609 τῆς-
1397 551 1564 614 πόλεως.
1624 579 1627 581 -
1698 584 1699 587 =

115 623 224 662 Porro
254 623 403 664 eiusdem
433 625 600 667 Novellae
635 642 707 680 cap.
739 627 802 670 15.
833 644 876 670 ex
913 634 1116 671 auctoritate
1143 630 1345 683 Scrimgeri‚
1381 630 1564 670 Versionis

116 698 308 752 Vulgatae,
337 700 547 741 collectionis
575 702 799 744 LXXXVII.
828 706 1054 757 capitulorum
1070 702 1104 759 ¹)
1139 705 1227 744 haec
1252 703 1442 744 habentur:
1465 693 1579 755 βου-ἵ

116 770 297 823 λευτὰς
324 770 350 827 ἢ
378 769 590 826 ταξεώτας,
622 791 665 816 ex
694 781 911 830 quibus,cum
926 780 1090 828 Basilica,
1120 781 1265 818 caeteris
1294 781 1447 826 omissis,
1476 779 1564 818 nihil

116 851 184 887 nisi
211 863 334 891 vocem
358 844 557 898 ταξεώτας
585 857 782 903 receperint,
812 859 929 893 contra
956 854 1079 892 horum
1107 855 1344 892 auctoritatem
1363 852 1564 891 Haloander

114 926 251 963 inverso
280 930 394 962 tamen
421 926 596 964 verborum
626 927 761 975 ordine,
804 928 929 967 efficit:
958 920 1159 975 ταξεώτας
1187 921 1213 980 ἢ
1240 920 1474 978 βουλευτάς.
1507 948 1562 955 -

115 999 230 1049 Atque
257 998 392 1045 ibidem,
421 1012 505 1049 quae
531 1005 679 1052 genuina
707 989 788 1040 sunt
818 1004 1072 1040 constitutionis
1099 1003 1221 1040 verba:
1263 1001 1319 1054 τῇ
1346 1000 1506 1054 βουλῇ
1535 995 1561 1051 ἢ

115 1071 167 1124 τῇ
195 1065 313 1121 τάξει,
352 1083 396 1110 ex
424 1074 544 1123 quibus
572 1073 724 1113 Basilica
753 1077 863 1127 prima
898 1077 966 1114 tria
1003 1077 1203 1122 omiserunt,
1241 1073 1327 1114 haec
1362 1088 1450 1127 pura
1476 1081 1562 1127 puta

117 1146 206 1197 apud
233 1146 469 1185 Haloandrum
498 1149 670 1200 leguntur.
685 1168 740 1176 —-
780 1148 857 1187 Nec
884 1150 1042 1187 absimile
1070 1153 1133 1196 est,
1163 1146 1254 1199 quod
1281 1147 1451 1186 Novellae
1468 1146 1562 1186 128.

118 1235 191 1273 cap.
206 1218 245 1260 8.
275 1220 318 1260 ad
345 1222 445 1260 finem
476 1234 519 1260 ex
546 1221 602 1260 his
631 1224 760 1260 verbis:
789 1222 870 1262 τῶν
899 1215 1135 1274 ἐξακτώρων
1162 1216 1188 1273 ’ἢ
1215 1218 1508 1272 βουλευτῶν
1535 1216 1562 1272 ἢ

116 1293 313 1346 βινὸζίκων,
343 1308 426 1346 quae
454 1301 487 1334 et
514 1296 729 1348 Scrimgerus
757 1295 858 1334 habet
887 1301 921 1334 et
948 1296 1102 1349 Vulgata
1127 1295 1253 1335 Versio
1279 1296 1468 1342 confirmat,
1496 1295 1562 1334 Ba-

119 1370 217 1409 silica
246 1369 299 1408 ed.
329 1369 466 1408 Fabroti
503 1376 586 1408 tom.
614 1350 750 1420 lv.‘p.
781 1368 877 1408 746.
919 1372 1007 1407 ista:
1043 1364 1070 1423 ἢ
1103 1369 1335 1420 βουλευτῶν
1364 1373 1565 1415 omiserunt,

117 1443 317 1483 Haloauder
344 1450 457 1482 tamen
486 1457 530 1481 ex
558 1443 758 1482 Florentino
787 1444 873 1481 libro
904 1441 1068 1481 exhibuit.
1109 1441 1241 1482 Verum
1269 1456 1339 1481 non
1366 1448 1497 1481 tantum
1527 1446 1563 1481 in

117 1520 311 1557 curialium
328 1520 499 1555 mentione
513 1518 622 1554 nostri
652 1519 803 1566 corporis
833 1504 1034 1566 compilator
1062 1529 1084 1553 a
1101 1515 1332 1555 Basilicorum
1362 1519 1565 1554 auctoritate

117 1593 242 1630 abiisse
270 1590 548 1642 deprehenditur,
588 1602 705 1627 verum
736 1591 837 1627 etiam
866 1591 903 1627 in
931 1595 1103 1640 quattuor
1136 1592 1373 1629 conciliorum
1401 1602 1561 1628 oecume-

116 1669 278 1704 nicorum
316 1666 647 1717 commemoratione.
720 1661 815 1703 Quae
852 1664 942 1699 enim
976 1662 1070 1700 Nor.
1109 1661 1202 1700 131.
1242 1675 1315 1713 cap.
1346 1661 1384 1701 l.
1420 1664 1561 1715 genuini

117 1744 295 1779 contextus
311 1744 410 1777 sunt:
437 1730 517 1775 ὑπὸ
545 1736 626 1775 τῶν
654 1729 776 1788 ἁγίων
803 1729 1010 1788 τεσσάρων
1045 1730 1238 1782 συνόδων,
1268 1735 1354 1774 haec
1378 1740 1462 1774 etin
1477 1736 1561 1775 Flo·

117 1815 248 1852 rentino
273 1811 391 1850 ‘codice
420 1815 454 1849 et
482 1809 570 1860 apud
598 1808 835 1847 Haloandrum
872 1814 1008 1847 exstare
1036 1808 1358 1855 animadvertimus,
1396 1812 1462 1847 etsi
1492 1809 1558 1848 Ba-

124 1888 295 1926 silicorum
333 1885 568 1934 compilatores
598 1896 656 1932 pro
694 1895 832 1919 suorum
870 1888 1058 1933 temporum
1093 1884 1226 1921 ratione
1261 1895 1321 1932 pro
1350 1876 1559 1934 τεσσάρων
1619 1900 1630 1918 ι

121 1961 319 2012 scripserint
346 1950 464 2001 ἑπτά,
500 1968 564 2005 quo
595 1954 635 1992 de
662 1955 933 2005 interpolationis
962 1967 1087 2006 genere
1119 1947 1380 1994 Ἀνεκδότων
1414 1960 1499 1994 tom.
1528 1956 1557 1994 Ι.

119 2034 206 2084 prol.
238 2045 309 2081 cap.
338 2031 402 2068 ΠΙ.
430 2043 465 2079 p.
492 2028 630 2065 XXXI.
658 2028 759 2064 verba
786 2025 944 2066 fecimus.

232 2119 299 2159 Sed
326 2119 410 2158 haec
438 2118 479 2157 ad
510 2116 772 2156 demonstandas
803 2118 1024 2163 collectionis,
1053 2129 1140 2167 quae
1170 2105 1559 2158 CLXV111.‘N0vellis

122 2174 265 2242 constat,
294 2195 442 2246 origines
472 2192 655 2230 sufficient.
693 2190 797 2229 Nunc
825 2203 931 2229 causa
959 2189 1143 2240 reddenda·
1161 2195 1224 2237 est,
1253 2203 1356 2240 qnare
1384 2190 1468 2228 haec
1483 2193 1559 2241 qui-

122 2272 199 2310 dem
228 2284 249 2308 a
276 2281 329 2307 me
358 2269 485 2318 scripta
513 2267 593 2303 sint.
662 2264 748 2302 Cum
777 2267 864 2301 enim
895 2263 979 2301 mihi
1007 2265 1221 2314 contigisset,
1249 2268 1288 2301 ut
1316 2248 1558 2310 antecessoris,

122 2348 181 2397 qui
198 2348 294 2382 extra
316 2340 465 2380 ordinem
483 2341 516 2378 in
529 2338 593 2377 hac
608 2339 697 2376 alma
724 2338 910 2375 litterarum
937 2338 1159 2376 universitate
1186 2336 1432 2387 praelectiones
1460 2335 1559 2375 habe-

122 2432 205 2465 rem,
216 2417 388 2470 provincia
396 2412 478 2453 mihi
487 2413 632 2460 daretur,
650 2413 738 2450 hanc
752 2409 957 2461 provinciam
973 2409 1175 2461 auspicandi
1184 2422 1290 2447 causa
1300 2408 1483 2448 indicenda
1502 2415 1559 2448 est

125 2493 263 2545 publica
276 2490 467 2543 praelectio,
485 2500 583 2538 quam
604 2489 648 2525 de
660 2489 699 2526 vi
712 2492 743 2525 et
754 2490 936 2536 potestate,
965 2497 1074 2535 quam
1090 2472 1383 2534 Eparchicomm
1412 2496 1556 2534 corpus,

124 2569 224 2619 quod
258 2565 456 2615 Eduardqs
484 2563 689 2616 Zachariae
724 2563 765 2600 in
787 2552 1043 2599 Ἀνεκὸότων
1073 2571 1114 2608 μ’.
1145 2556 1225 2596 227
1242 2578 1297 2585 -
1311 2554 1394 2596 278
1418 2559 1562 2608 publici

123 2643 219 2680 iuris
246 2641 344 2689 fecit,
372 2641 415 2677 in
442 2638 643 2676 Iustiniani
668 2638 747 2675 iure
772 2635 994 2673 illustrando
1023 2634 1233 2671 habiturum
1260 2634 1318 2678 sit,
1346 2630 1400 2669 die
1409 2631 1476 2669 111.
1505 2632 1562 2670 lu·

215 2843 255 2888 1)
283 2844 373 2889 Cap.
397 2843 455 2880 48.
481 2845 573 2890 apud
599 2842 795 2878 Heimbach
817 2836 1036 2874 Ἀνεκδότων
1057 2842 1143 2874 tom.
1166 2838 1209 2873 11.
1233 2849 1269 2883 p.
1293 2835 1373 2871 124.
