1753 3215
758 188 900 255 ἡ28

131 317 219 354 libro
236 314 395 363 habetur,
423 314 654 357 Novellaru'm
675 317 962 356 constitutionum
978 316 1217 356 collectionem
1240 320 1275 353 et
1304 327 1391 362 eam,
1420 327 1487 366 qua
1516 311 1610 351 Ano-

132 401 259 439 nymus
272 389 331 429 hic
361 395 513 444 scriptor
524 382 720 433 nsns‘esse
748 394 927 443 reperitur,
956 391 1189 431 diversitatem
1220 392 1465 429 intercessisse
1493 389 1611 427 existi-

133 479 283 504 memus.
352 466 466 505 Cuius
495 469 547 505 rei
576 467 741 518 iudicium
777 466 865 505 illud
894 472 951 505 est
979 470 1068 506 satis
1097 465 1337 513 manifestum,
1375 464 1484 516 qnod,
1524 476 1611 515 qnae

134 538 227 590 apud
256 545 417 577 nostrum
456 544 657 592 scriptorem
695 541 824 580 relatae
860 547 944 580 sunt
971 540 1198 581 Novellarum
1234 540 1520 579 constitutionum
1557 550 1611 575 m-

136 615 263 660 bricae,
293 616 361 652 etsi
378 627 540 667 maguam
569 621 702 667 partem
734 629 809 654 cum
825 615 955 655 Veneti
983 617 1112 655 codicis
1141 614 1350 653 testimoniis
1379 615 1614 658 consentiunt,

137 687 229 738 quod
248 688 302 726 vel
328 690 482 726 maxime
511 692 548 727 in
577 688 645 736 his,
673 703 761 740 qnae
790 703 833 727 ex
853 689 1048 729 Athanasio
1077 689 1245 728 deductae
1273 693 1355 727 sunt
1368 683 1414 741 ¹),
1441 686 1615 725 accidisse

136 762 311 809 videmus,
338 768 454 801 tamen
477 769 560 801 sunt
578 777 647 802 non
664 764 847 803 admodum
868 777 1007 815 paucae,
1037 776 1124 815 quae
1145 769 1179 802 et
1208 776 1284 802 cum
1300 762 1489 814 Scrimgeri
1516 762 1613 798 testi·
1655 759 1659 763 ’

138 840 269 876 moniis
285 851 354 876 non
371 840 599 885 consentiant,
630 843 664 876 et
685 852 728 877 ex
746 837 925 877 Theodori
940 839 1107 887 Syntomo
1120 838 1285 878 deductae
1311 836 1493 876 videantur
1521 847 1613 873 esse.

139 911 201 949 Sic
229 910 403 950 Novellae
433 910 472 950 3.
502 913 640 950 rubrica
669 909 779 963 (apud
801 911 1020 960 Anonymnm
1050 919 1135 951 tom.
1164 911 1211 951 11.
1241 925 1275 962 p.
1305 908 1407 964 236)
1438 924 1482 948 ex
1497 908 1614 947 Theo-

140 984 225 1023 doro
251 998 285 1035 p.
307 984 374 1023 12.
399 983 561 1023 desumta
579 992 646 1031 est,
675 999 753 1023 cum
783 986 1000 1037 Scrimgerus
1029 1000 1115 1032 eam,
1144 998 1233 1036 qnae
1262 985 1353 1035 apud
1381 983 1612 1023 Athanasium

138 1062 192 1096 tit.
215 1057 253 1096 l.
283 1064 396 1095 const.
415 1057 456 1096 9.
485 1058 644 1101 habetur.
672 1061 841 1097 rubricam
870 1061 1042 1105 retulerit3
1073 1062 1124 1096 sic
1152 1072 1253 1115 porro
1276 1058 1476 1097 Novella6.
1503 1055 1614 1109 (apud

138 1131 364 1184 Anonymum
381 1144 417 1181 p.
434 1129 550 1182 235.)
582 1132 761 1172 Theodori
790 1148 824 1184 p.
840 1132 908 1172 82.
936 1135 1106 1171 rubricam
1137 1132 1250 1179 habet,
1279 1145 1356 1170 cum
1386 1131 1477 1182 apud
1506 1131 1614 1168 Srim·

139 1219 261 1258 gerum
301 1208 366 1252 sit,
407 1219 495 1256 quae
534 1206 719 1245 Athanasii
757 1210 810 1246 tit.
854 1208 891 1246 l.
930 1213 1041 1245 const.
1070 1206 1110 1245 4.
1142 1213 1213 1253 est3
1251 1210 1302 1244 sic
1330 1210 1366 1244 in
1394 1205 1546 1244 Novella
1574 1204 1614 1243 7.

140 1277 251 1331 (apud
281 1279 502 1327 Anonymum
532 1293 567 1331 p.
597 1278 713 1334 235.)
742 1282 879 1319 rubrica
907 1280 1085 1319 Theodori
1114 1294 1148 1332 p.
1180 1280 1247 1320 17.
1275 1281 1386 1319 relata
1413 1285 1486 1326 est,
1522 1278 1612 1331 apud

139 1355 374 1406 Scrimgernm
415 1367 479 1400 ea,
516 1368 605 1404 qnae
643 1361 698 1392 est
726 1355 913 1393 Athanasii
941 1358 993 1393 tit.
1025 1355 1063 1394 2.
1094 1361 1205 1393 const.
1236 1355 1273 1394 l.
1301 1355 1545 1404 Reliquorum,
1573 1358 1613 1390 ut

137 1432 262 1478 paucis
292 1427 637 1478 comprehendamus,
666 1427 759 1466 hunc
787 1429 945 1467 dabimus
975 1429 1181 1480 catalogum,
1211 1431 1246 1466 in
1277 1441 1354 1479 qno,
1384 1440 1471 1479 quae
1486 1427 1613 1465 Serim-

137 1515 244 1553 gerus
274 1502 387 1548 habet,
416 1501 508 1540 unde
536 1502 664 1540 hausta
693 1504 775 1548 sint,
803 1501 1051 1553 parentheseos
1080 1504 1156 1541 loco
1172 1516 1399 1554 apponemus:
1429 1502 1523 1540 Nov.
1545 1500 1611 1542 17.

136 1573 225 1625 (An.
238 1588 274 1625 p.
300 1573 417 1626 236.)
449 1581 504 1612 est
528 1575 708 1612 Theodori
740 1589 773 1625 p.
799 1574 877 1622 26„
915 1576 1107 1627 Scrimgeri
1135 1578 1216 1614 fons
1245 1579 1387 1628 ignotus
1416 1581 1489 1622 est3
1517 1574 1612 1613 Nov.

134 1647 203 1687 39.
234 1646 324 1699 (An.
354 1662 387 1698 p.
418 1645 535 1699 236.)
574 1655 629 1684 est
658 1647 837 1685 Theodori
875 1635 907 1698 p.
945 1645 1026 1693 53„
1062 1649 1249 1699 Scrimgeri
1279 1651 1360 1686 fons
1398 1655 1452 1686 est
1479 1647 1612 1686 Athan.

132 1725 186 1760 tit.
202 1721 242 1760 9.
271 1727 381 1760 const.
399 1720 457 1768 3.;
486 1720 581 1760 Nov.
611 1719 680 1760 40.
712 1717 800 1774 (An.
831 1734 863 1772 p.
882 1717 985 1773 235)
1016 1719 1195 1759 Theodori
1223 1735 1259 1772 p.
1289 1717 1358 1761 54.
1388 1726 1454 1769 est,
1485 1721 1611 1759 Serim-

133 1810 239 1849 gerus
269 1810 314 1834 ex
343 1795 474 1834 Athan.
505 1799 560 1834 tit.
590 1795 629 1834 2.
660 1801 773 1834 const.
805 1796 843 1835 7.
874 1795 996 1844 habct3
1025 1795 1119 1834 Nov.
1147 1794 1217 1834 46.
1250 1792 1337 1845 (An.
1369 1809 1402 1846 p.
1424 1792 1527 1848 235)
1558 1800 1613 1832 est

134 1869 316 1909 Theodori
345 1883 379 1920 p.
403 1867 483 1915 57„
510 1868 697 1922 Scrimgeri
726 1870 807 1908 fons
837 1860 999 1921 ignotns3
1027 1869 1123 1908 Nov.
1146 1868 1214 1910 67.
1247 1865 1336 1922 (An.
1367 1884 1402 1921 p.
1419 1867 1535 1922 235.)
1567 1883 1612 1908 ex

136 1943 326 1982 Theodoro
356 1956 390 1992 p.
419 1941 489 1980 67.
533 1944 648 1985 venit,
687 1941 874 1991 Scrimgeri
911 1941 953 1978 de
990 1942 1086 1978 fonte
1127 1955 1196 1979 non
1227 1948 1382 1989 constat3
1417 1941 1512 1980 Nov.
1542 1940 1611 1981 68.

138 2014 229 2070 (An.
254 2031 288 2069 p,
307 2012 408 2068 235)
432 2014 621 2054 Theodoro
651 2028 685 2066 p.
718 2014 786 2054 70.
816 2013 968 2061 debetur,
996 2014 1182 2068 Scrimgeri
1213 2016 1292 2054 fons
1321 2021 1376 2053 est
1394 2014 1612 2055 Athanasius

138 2095 191 2130 tit.
207 2090 272 2130 10.
304 2096 417 2131 const.
446 2089 507 2136 4.;
536 2090 629 2128 Nov.
662 2087 729 2128 74.
761 2086 850 2140 (An.
880 2102 914 2139 p.
946 2087 1030 2127 234
1059 2092 1095 2128 et
1124 2086 1239 2141 235.)
1268 2088 1447 2129 Theodori
1475 2105 1510 2142 p.
1540 2087 1610 2131 75.

136 2172 201 2211 est,
226 2165 415 2217 Scrimgeri
444 2165 525 2203 fons
554 2168 715 2216 ignotus3
743 2163 838 2202 Nor.
869 2161 937 2202 76.
969 2159 1057 2215 (An.
1087 2177 1120 2214 p.
1152 2161 1253 2216 235)
1283 2162 1462 2203 Theodori
1490 2179 1524 2216 p.
1541 2165 1609 2208 77.

135 2241 304 2279 rubricam
334 2239 448 2286 habet,
477 2239 696 2292 Scrimgerus
726 2252 770 2276 ex
798 2237 930 2276 Athau.
959 2240 1013 2276 tit.
1046 2236 1083 2275 l.
1114 2244 1224 2276 const.
1255 2236 1322 2277 16.
1350 2237 1485 2287 hausit3
1514 2239 1610 2278 Nov.

136 2312 206 2357 83,
236 2311 325 2366 (An.
355 2327 389 2366 p.
414 2311 530 2367 235.)
561 2312 740 2352 Theodori
756 2327 791 2364 p.
820 2310 890 2351 82.
920 2317 986 2358 est,
1015 2310 1200 2369 Scrimgeri
1229 2312 1310 2350 fons
1337 2312 1539 2356 Athamtit.
1571 2313 1609 2353 l.

228 2556 268 2599 1)
294 2555 356 2590 Sic
386 2555 530 2590 rubrica
551 2556 730 2590 Novellae
759 2555 809 2598 5.,
845 2564 954 2599 quam
983 2553 1187 2595 Anonymus
1210 2566 1248 2599 p.
1272 2553 1354 2588 234.
1376 2544 1611 2600 laudavit,set

141 2612 364 2656 Scrimgerus
389 2612 518 2654 habet,
551 2623 599 2646 ex
621 2610 884 2656 Athanasiique
917 2609 973 2644 tit.
998 2609 1032 2643 l.
1058 2614 1170 2644 const.
1194 2611 1251 2645 13.
1283 2609 1412 2645 hausta
1435 2616 1507 2655 est,
1546 2613 1610 2659 qui

140 2668 235 2703 idem
267 2680 462 2705 consensus
494 2669 683 2715 utriusque
715 2668 770 2704 rei
793 2667 948 2703 habetur
976 2669 1012 2700 et
1035 2666 1071 2700 in
1094 2667 1248 2702 Novella
1270 2667 1303 2703 8.
1327 2680 1365 2713 p.
1387 2669 1481 2714 236„
1506 2670 1607 2705 cuius

141 2725 284 2760 rubrica
307 2738 351 2761 ex
372 2725 648 2762 Athanasiovtit.
680 2726 714 2762 4.
740 2729 858 2761 const.
885 2726 925 2760 2.
950 2722 1103 2758 deducta
1127 2728 1201 2766 θεῖς
1236 2723 1273 2758 in
1294 2725 1449 2761 Novella
1479 2727 1535 2763 14.
1567 2740 1605 2773 p.

142 2781 238 2824 236„
261 2783 360 2817 cuius
383 2784 548 2819 rubricae
573 2783 653 2818 fons
675 2785 835 2819 incertus
859 2785 927 2827 est,
952 2784 989 2815 et
1012 2779 1049 2814 iu
1072 2781 1226 2817 Novella
1248 2782 1305 2818 79.
1329 2795 1365 2830 p.
1387 2783 1482 2830 235„
1513 2796 1605 2832 quae

145 2850 192 2874 ex
214 2838 398 2875 Athanasii
419 2842 474 2877 tit.
498 2842 532 2878 1.
560 2846 673 2879 const.
697 2842 753 2877 15.
778 2840 972 2876 derivatur.
