1753 3215
837 156 907 201 ³2

137 291 280 341 peritur.
310 304 366 312 —
446 283 564 323 Etiam
602 282 778 323 Novellae
818 283 884 325 14.
922 285 1063 325 diversa
1099 285 1313 337 exemplaria
1349 285 1514 326 babuisse
1550 292 1622 327 exi-

137 357 334 400 stimandus
351 363 418 405 est,
448 372 540 405 cum,
557 372 645 411 quae
675 360 746 399 fuit
773 359 880 399 edicti
909 361 954 400 ad
984 365 1079 402 cives
1100 362 1541 412 Constantinopolitanae
1570 366 1623 403 ci-

135 438 266 475 vitatis
306 434 430 473 directi
460 434 587 483 forma,
616 434 708 474 hauc
737 433 876 486 quidem
906 436 1066 477 retulerit
1094 439 1281 489 integram3
1309 426 1532 490 'exemplaris
1562 450 1620 477 au-

136 518 208 550 tem
238 509 285 550 ad
312 512 534 561 mayistmm
563 512 684 562 scripti
714 513 920 551 varietatem
949 512 1110 551 lectionis
1147 509 1190 549 ad
1226 509 1329 548 finem
1361 515 1623 553 constitutionis

136 584 356 625 adnotaverit
393 583 461 623 hoc
498 583 621 624 modo:
658 579 821 640 ἐγράφη
850 580 899 625 τὸ
930 580 1126 627 ἰσότυπον
1159 584 1218 640 τῷ
1255 580 1510 641 ἐνδοξοτάτῳ
1546 602 1623 639 μα-

135 658 292 714 γίστρῳ
319 657 428 710 μετὰ
454 660 530 712 τῆς
559 659 829 714 παραλλαγῆς
864 655 1031 712 ταύτης,
1059 674 1147 712 quae
1175 660 1311 711 quidem
1347 660 1439 711 apud
1468 661 1624 702 Haloan-

137 735 243 790 drum,
283 747 319 786 p.
349 720 429 774 24.ἱ
457 734 634 787 leguntur.
664 755 720 762 -—
793 734 964 773 Similiter
999 735 1043 774 ad
1078 736 1181 775 finem
1210 734 1382 774 Novellae
1418 734 1500 783 22,
1535 750 1624 788 quae

139 810 185 850 ad
214 811 448 856 Iohannem,
485 809 699 860 praefectum
729 811 924 860 praetorio,
954 808 1086 849 directa
1114 823 1193 848 esse
1231 809 1378 862 dicitur,
1419 809 1624 848 Haloander

138 898 174 935 p.
206 882 275 922 70.
305 882 436 929 retulit,
466 883 537 921 alia
564 882 671 921 huius
702 885 966 922 constitutionis
994 885 1206 934 exemplaria
1232 886 1361 934 scripta
1385 896 1464 921 esse
1494 886 1623 923 Patri·
1658 906 1660 910 ⁴

141 962 214 1005 cio,
252 956 429 1009 praefecto
468 957 565 1001 urbi,
593 957 765 996 Basilidi
793 961 963 1008 magistro
991 958 1208 1004 officiorum,
1241 959 1493 1006 Triennium,
1524 966 1626 1010 quae-

140 1036 240 1079 stori,
272 1032 480 1078 Germano,
516 1032 742 1081 Tziqaeque,
773 1033 954 1083 magistris
982 1032 1146 1077 militiae,
1175 1033 1292 1070 Floro
1329 1036 1448 1071 comiti
1475 1036 1625 1084 privato-

140 1121 238 1155 rum,
276 1120 322 1146 ex
358 1105 485 1158 quibus
523 1104 784 1158 exemplaribus
822 1111 855 1144 et
886 1105 979 1145 alius
1008 1103 1180 1145 Novellae
1216 1108 1480 1146 constitutionis
1518 1110 1625 1161 epilo-

143 1196 212 1236 gus
248 1196 284 1232 p.
315 1180 385 1220 71.
423 1181 556 1218 relatus
596 1193 675 1217 esse
713 1182 901 1230 reperitur,
936 1182 995 1230 qui
1036 1182 1073 1217 in
1103 1181 1293 1231 exemplari
1331 1180 1376 1218 ad
1405 1182 1625 1228 Iohannem,

142 1256 356 1308 praefectum
380 1256 566 1306 praetorio,
594 1253 675 1293 dato
705 1268 749 1293 ne
777 1258 890 1306 potuit.
917 1254 1055 1305 quidem
1086 1267 1176 1302 esse,
1206 1268 1284 1294 cum
1314 1255 1372 1294 hic
1400 1258 1627 1307 magistratus

143 1334 193 1369 ibi
221 1332 326 1368 tertia
353 1330 547 1380 singularis
576 1332 711 1367 numeri
741 1342 890 1379 persona
908 1328 1122 1380 designetur,
1150 1329 1304 1367 secunda
1331 1342 1402 1367 nou
1429 1332 1524 1368 item.
1555 1330 1625 1368 His

145 1408 255 1457 igitur
284 1403 328 1442 de
358 1404 477 1442 causis
505 1404 618 1441 nostri
647 1406 803 1454 corporis
831 1405 984 1455 origines
1022 1403 1065 1441 ad
1093 1403 1324 1442 Basilicarum
1354 1409 1509 1455 tempora
1538 1405 1627 1443 refe-

146 1479 275 1518 rendas
305 1490 385 1515 esse
415 1479 446 1514 si
476 1483 570 1515 recte
599 1490 790 1530 negamus,
818 1477 862 1515 ad
892 1480 1069 1528 superiora
1098 1480 1201 1516 etiam
1231 1477 1353 1519 Leone
1381 1478 1505 1517 Isauro
1542 1484 1628 1517 tem·

145 1566 230 1606 pora
259 1552 490 1591 ascendamus
520 1565 665 1590 necesse
702 1555 790 1598 erit,
831 1566 909 1591 cum
948 1552 1074 1591 exinde
1109 1555 1167 1591 ius
1195 1553 1382 1591 Iustiniani
1417 1566 1478 1603 per
1513 1558 1625 1592 totum

90 1609 92 1614 ‚
146 1628 325 1667 Orientem
366 1626 558 1665 exoleverit
596 1629 630 1663 et
668 1625 934 1664 consuetudinis
971 1626 1061 1664 male
1096 1624 1264 1665 fundatae
1291 1629 1368 1665 iure
1395 1632 1626 1677 permutatum

144 1706 210 1749 sit,
240 1701 332 1753 quod
368 1701 424 1739 vel
463 1702 614 1739 maxime
643 1700 765 1752 ecloga
793 1699 930 1738 Leonis
960 1699 1251 1750 Constantinique
1288 1701 1510 1752 promulgata
1545 1702 1626 1740 effe-

144 1783 237 1817 ctum
268 1789 348 1814 esse
376 1776 541 1814 novimus
557 1769 604 1826 ¹),
633 1787 698 1813 nec
727 1787 814 1813 sane
842 1772 1007 1812 credibile
1036 1775 1101 1819 sit,
1130 1773 1212 1812 talis
1240 1778 1426 1826 tantaeque
1455 1776 1559 1814 molis
1587 1776 1626 1815 li-

144 1855 266 1897 brum,
306 1852 365 1900 qui
395 1848 534 1899 quidem
573 1851 630 1886 ius
659 1850 847 1886 Iustiniani
874 1861 1000 1898 purum
1032 1854 1150 1898 putum
1181 1848 1335 1893 haberet,
1363 1862 1427 1887 nec
1455 1844 1572 1900 legu'm
1604 1864 1625 1887 a

144 1924 400 1978 posterioribus
445 1922 714 1973 imperatoribus
759 1922 963 1971 scriptarum
995 1920 1323 1973 consuetudinisque
1359 1925 1530 1962 rationem
1568 1923 1628 1962 ha-

145 2003 263 2046 beret,
292 1998 350 2036 his
380 1998 607 2047 temporibus,
638 1997 764 2046 quibus
792 2009 861 2033 non
893 1995 1081 2047 legeretur,
1110 1998 1341 2047 conscriptum
1373 2009 1464 2049 esse.
1524 1995 1628 2039 Quod

147 2082 263 2115 autem
299 2073 453 2112 Latinas
491 2072 760 2110 constitutiones
798 2083 818 2108 a
856 2075 975 2108 nostro
1022 2073 1190 2121 scriptore
1239 2075 1394 2123 repertas
1439 2085 1510 2110 non
1547 2086 1628 2110 esse

150 2162 258 2200 supra
301 2148 393 2193 dixi,
432 2145 500 2183 hac
534 2153 593 2190 re,
632 2158 719 2195 quae
739 2144 921 2182 Heraclio
959 2146 1153 2194 posteriora
1188 2144 1330 2182 fuerunt
1365 2150 1541 2196 tempora,
1578 2149 1627 2184 vi-

242 2361 283 2403 1)
304 2361 422 2398 Huius
441 2360 496 2396 rei
511 2357 759 2395 testimonium
773 2358 861 2394 satis
871 2359 1093 2394 luculentum
1108 2356 1256 2393 exhibet
1266 2357 1510 2404 Epanagoges
1521 2368 1630 2405 prae-

149 2420 238 2456 satio
262 2420 300 2455 in
323 2420 455 2455 Museo
479 2417 657 2453 Rhenano
682 2419 770 2452 tom.
796 2416 856 2450 ΙΙΙ.
892 2428 929 2461 p.
954 2416 1011 2451 30.
1043 2415 1111 2449 νῦν
1141 2414 1183 2449 δὲ
1206 2427 1225 2449 τ
1235 2411 1258 2449 ὰ
1269 2427 1287 2454 ς
1328 2414 1393 2450 ἐπὶ
1414 2411 1631 2451 ἐναντιώσει

153 2477 218 2512 τοῦ
241 2477 419 2525 ἒιρημένθ
442 2477 549 2510 θείου
575 2468 767 2519 δόγματος
796 2472 860 2506 καὶ
883 2470 948 2506 ἐπὶ
979 2483 1033 2505 κα
1044 2467 1155 2506 raka}
1166 2480 1215 2506 σε
1226 2485 1239 2505 ι
1271 2472 1360 2506 τῶν
1395 2472 1629 2507 σωστικῶν

152 2529 334 2580 νόμων,
358 2529 490 2580 παρὰ
522 2532 610 2567 τῶν
626 2525 855 2576 Ἰσαύρων
876 2529 1183 2575 φληναφείας
1206 2528 1490 2567 exaestuas-
1510 2525 1630 2577 πάντῃ

155 2589 416 2637 ἀποβαλομένη
441 2590 503 2624 καὶ
529 2587 790 2636 ἀπορρίψασα.
833 2586 1034 2621 Prochiron
1062 2587 1189 2622 Basilii
1212 2584 1330 2632 praef.
1366 2584 1403 2631 §-
1426 2586 1461 2621 2.
1487 2586 1534 2621 ed
1558 2588 1631 2623 Za-

157 2647 297 2683 chariae
313 2650 392 2694 p.9.
418 2646 557 2682 εἰδέναι
570 2642 659 2693 χρή,
684 2641 734 2684 ὥς
757 2641 825 2678 οὐκ
850 2643 895 2677 ἐκ
904 2643 923 2676 λ.
934 2654 952 2677 ο
961 2641 1015 2688 γὴ
1038 2643 1181 2689 μᾶλλον
1203 2639 1225 2686 ἢ
1251 2639 1335 2675 ἀνα
1346 2653 1393 2687 τρ
1404 2653 1422 2676 o
1433 2639 1489 2686 πὴ
1514 2639 1533 2678 ὁ
1552 2655 1630 2679 κα-

158 2702 178 2735 λ
190 2714 207 2736 o
218 2699 237 2737 ὑ
247 2716 275 2748 μ
288 2715 304 2738 ε
314 2714 337 2738 ν
346 2716 364 2738 o
376 2717 393 2743 ς
417 2703 434 2738 ἔ
443 2716 502 2750 γχ
512 2714 528 2738 ε
538 2716 549 2737 ι
559 2716 580 2750 ρ
590 2702 637 2737 ἰδ’
646 2716 657 2737 ι
668 2714 686 2737 o
699 2714 716 2741 ς
751 2700 805 2746 (h.
827 2712 859 2737 e.
883 2700 1152 2744 eclogaLeonis
1160 2698 1479 2746 Constantinique)
1504 2703 1588 2734 καθ
1597 2702 1631 2734 t-

159 2766 300 2793 στατο
315 2760 403 2795 τῶν
422 2761 567 2800 καλῶς
592 2753 1155 2807 νομοέθετηθέντωνκατὰ
1177 2751 1401 2800 βούλησιν
1424 2756 1501 2792 τοῦ
1524 2758 1629 2792 συλ-

159 2817 180 2850 λ
189 2827 206 2850 ε
220 2816 240 2856 ξ
250 2827 273 2849 α
283 2828 311 2860 μ
320 2818 365 2850 έν
375 2828 410 2855 8,
