1753 3215
846 165 903 211 16

149 306 203 345 dis
232 315 298 342 non
327 311 438 349 usque
466 295 552 335 adeo
583 294 689 334 huius
717 295 796 333 libri
834 295 983 345 scriptor
1012 298 1230 345 processisse
1259 297 1516 338 existimandus
1554 303 1621 344 est,

146 383 185 418 nt
212 389 281 415 non
310 373 535 418 adnotaverit,
563 383 630 421 quo
659 380 814 421 quaeque
842 371 879 407 in
908 368 986 407 loco
1016 381 1061 408 ex
1088 367 1168 416 his,
1196 383 1286 421 quas
1315 372 1526 412 omittendas
1563 384 1621 410 cu·

146 455 292 497 raverat,
329 446 630 487 constitutionibus
666 443 868 489 haberetur,
904 444 998 494 quod
1035 444 1078 483 ad
1114 457 1229 496 genus
1264 446 1349 484 illae
1377 448 1621 487 adnotationes

145 522 358 567 revocandae
386 526 478 567 sunt,
507 531 593 571 quae
622 531 667 556 ex
696 515 814 556 codice
831 516 969 558 Veneto
1000 517 1091 570 apud
1111 517 1347 571 Scrimgerum
1376 521 1509 562 relatae
1538 527 1621 562 sunt

147 600 190 638 a'd
218 599 313 637 Nov.
351 594 466 641 140„
496 590 610 638 144„
642 589 754 637 148„
786 589 901 638 161„
933 591 1050 639 163„
1082 590 1195 640 164„
1227 591 1343 640 166.,
1376 592 1491 642 167„
1523 594 1619 637 168.

254 684 291 722 Is
304 683 391 722 liber
418 694 522 719 manu
550 684 713 717 exaratus
742 675 846 715 habet
874 677 1008 729 aliquot
1022 678 1160 726 Iustini,
1179 679 1316 719 Tiberii
1330 684 1619 722 constitutionum

144 761 399 807 formarumque
429 768 450 793 a
477 753 659 805 praefectis
687 754 863 803 praetorio
894 750 1053 792 datarum
1084 753 1293 806 appendices
1322 754 1508 794 distinctas
1535 756 1619 795 illas

145 834 280 885 quidem
300 841 519 869 numerorum
538 827 798 876 consequentia,
827 839 916 876 quos
945 839 1123 874 numeros,
1153 842 1230 866 cum
1261 828 1338 876 has,
1367 842 1455 881 quae
1484 833 1522 868 in
1541 843 1616 869 cen-

143 915 215 947 tum
246 908 427 956 sexaginta
455 908 532 940 octo
570 904 858 939 constitutionum
897 915 1039 953 corpore
1078 910 1411 951 commemorantur,
1446 903 1619 943 Novellas

141 981 304 1024 habeant,
339 977 443 1015 huius
481 976 696 1013 collectionis
733 977 883 1025 scriptor
918 974 1064 1013 laudare
1093 977 1235 1023 maluit,
1276 990 1378 1028 quarn
1408 982 1520 1016 totum
1549 978 1619 1017 col·

140 1057 298 1106 lectionis
336 1051 517 1090 consilium
546 1054 753 1101 pervertere.
821 1048 889 1087 Cui
919 1050 1056 1101 quidem
1088 1055 1122 1088 et
1150 1050 1219 1089 hoc
1248 1053 1388 1091 consilii
1417 1053 1549 1099 fuisse,
1578 1058 1618 1091 ut

142 1140 262 1167 omnes
280 1129 418 1165 omnino
448 1125 644 1171 Iustiniani,
674 1135 762 1175 quae
791 1135 853 1175 per
871 1122 1053 1163 Theodori
1082 1128 1210 1164 seriem
1238 1124 1458 1174 haberentur,
1485 1126 1618 1167 Novel-

141 1205 194 1242 las
211 1203 474 1241 constitutiones
501 1201 716 1249 conquireret
746 1204 781 1237 et
809 1202 846 1237 in
875 1212 984 1238 unum
1004 1204 1237 1251 componeret,
1264 1200 1352 1239 illud
1382 1202 1437 1239 vel
1466 1185 1625 1241 maxime*

141 1280 341 1330 argumento
372 1279 436 1321 est,
465 1273 555 1325 quod
570 1272 755 1311 Novellam
788 1275 1015 1311 centesimam
1045 1278 1303 1326 sexagesimam
1334 1278 1500 1325 quintam,
1529 1288 1618 1326 quae

142 1352 278 1389 Graeca
307 1353 372 1395 est,
400 1349 466 1385 sibi
493 1360 575 1399 prae
605 1360 710 1385 manu
739 1360 810 1385 non
840 1348 955 1385 fuisse
985 1348 1198 1401 significavit
1212 1345 1263 1402 ¹).
1327 1347 1431 1390 Quod
1459 1348 1550 1387 idem
1581 1356 1617 1389 et

140 1428 177 1463 in
205 1424 347 1462 Latinis
373 1423 559 1461 Iustiniani
596 1423 905 1460 constitutionibus
943 1422 1077 1460 factum
1119 1434 1199 1459 esse
1236 1435 1344 1474 supra
1380 1421 1509 1462 dictum
1548 1432 1615 1470 est,

141 1512 217 1538 cum
235 1498 451 1550 Scn‘mgerus
480 1496 603 1535 harum
631 1497 735 1534 verba
764 1499 919 1548 genuina
948 1509 1121 1547 nusquam
1151 1497 1319 1543 retulerit,
1349 1503 1451 1548 atque
1479 1511 1550 1537 uno
1578 1502 1616 1537 in

138 1575 214 1611 loco
231 1571 429 1617 Athanasii,
455 1574 492 1608 in
507 1571 587 1609 aliis
603 1570 783 1608 Theodori
814 1574 986 1621 epitomas
1016 1570 1244 1609 sufficiendas
1268 1571 1464 1611 crediderit.
1503 1572 1615 1612 Cuius

138 1651 204 1686 rei·
226 1648 462 1686 testimonium
499 1643 591 1684 haud
630 1643 861 1697 spernendum
892 1648 969 1695 ipse
999 1644 1220 1698 Scrimgerus
1248 1645 1423 1697 perhibet,
1453 1649 1513 1697 qui
1541 1651 1616 1698 qui-

136 1721 282 1760 busdam
324 1724 361 1757 in
397 1721 503 1766 locis,
540 1721 600 1756 ubi
637 1719 847 1757 Theodorus
874 1720 1085 1757 Latinarum
1125 1722 1414 1758 constitutionum
1443 1724 1615 1770 epitomas

137 1798 278 1847 posuit,
322 1807 366 1832 ex
394 1794 481 1831 libro
509 1796 747 1844 manuscripto
778 1793 927 1831 similem
958 1797 1001 1840 ei,
1031 1807 1134 1844 quam
1164 1806 1270 1844 supra
1298 1792 1470 1842 diximus,
1507 1794 1613 1835 adno-

139 1872 306 1907 tationem
335 1869 493 1917 posuerit
503 1862 555 1917 2).
611 1865 784 1903 Rubricas
812 1866 1040 1904 Novellarum
1070 1867 1177 1904 huius
1214 1867 1430 1905 collectionis
1464 1855 1616 1920 scriptor

140 1945 266 1994 partim
298 1953 342 1977 ex
370 1938 559 1977 Athanasii
589 1942 847 1984 commentario,
876 1942 1002 1988 partim
1032 1952 1076 1976 ex
1101 1938 1284 1977 Theodori
1312 1939 1448 1985 hausit,
1480 1955 1549 1993 qua
1576 1948 1614 1982 in

141 2030 179 2055 re
209 2014 397 2053 Athanasii
436 2016 634 2051 auctoritati
664 2012 745 2063 plns
774 2011 912 2050 videtur
941 2013 1122 2060 tribuisse,
1161 2026 1263 2064 quam
1291 2013 1517 2053 Florentinae
1546 2018 1613 2056 col-

139 2092 300 2129 lectionis
330 2091 491 2139 scriptor.
549 2086 721 2125 Videmus
752 2089 837 2124 erim
867 2086 1008 2132 multas,
1037 2099 1124 2137 quae
1163 2086 1254 2137 apud
1283 2087 1523 2129 Haloandrum
1553 2090 1614 2131 ha-

139 2168 283 2211 bentur,
311 2164 457 2201 lacunas
485 2165 522 2200 in
553 2160 687 2199 Veneto
718 2161 805 2198 libro
836 2173 880 2198 ex
896 2159 1084 2198 Athanasii
1112 2161 1200 2199 libro
1230 2162 1378 2213 expleri,
1417 2176 1461 2202 ex
1497 2165 1612 2205 Theo-

141 2239 217 2277 dori
245 2252 315 2277 non
343 2241 439 2283 item,
469 2248 557 2286 quae
586 2248 645 2273 res
676 2235 868 2273 conferenti
898 2238 1022 2285 cuique
1051 2235 1155 2272 facile
1186 2237 1358 2274 constabit
1386 2237 1557 2277 Novellae
1570 2238 1612 2281 6.

142 2315 312 2352 rubricam
331 2325 406 2350 cum
427 2309 617 2349 Athanasii
646 2313 700 2348 tit.
721 2309 758 2348 1.
790 2316 903 2347 const.
925 2307 963 2347 l.
992 2321 1026 2358 p.
1049 2307 1098 2355 1.,
1126 2308 1295 2348 Norellae
1320 2310 1358 2351 7.
1389 2325 1466 2350 cum
1482 2312 1612 2354 Athan.

143 2391 196 2425 tit.
215 2387 254 2425 2.
285 2391 396 2423 const.
413 2384 450 2423 1.
478 2398 514 2435 p.
533 2382 641 2430 126„
670 2383 765 2421 Nov.
782 2382 823 2421 9.
855 2395 932 2420 cum
954 2380 1085 2420 Athan.
1114 2386 1167 2421 tit.
1198 2384 1239 2422 2.
1267 2390 1379 2424 const.
1407 2384 1448 2424 4.
1477 2400 1512 2437 p.
1530 2386 1613 2441 38„

96 2451 103 2459 ⁸
142 2461 236 2501 Nor.
268 2459 334 2500 11.
364 2472 441 2497 cum
471 2457 602 2497 Athan.
632 2461 685 2496 tit.
718 2457 755 2496 1.
787 2461 899 2495 const.
928 2453 969 2494 8.
998 2469 1032 2506 p.
1065 2454 1143 2504 18„
1164 2456 1258 2497 Nov.
1288 2456 1358 2498 40.
1388 2473 1464 2499 cum
1482 2459 1612 2503 Athan.

145 2539 196 2574 tit.
227 2535 266 2573 2.
296 2540 409 2573 const.
440 2533 478 2572 7.
506 2547 542 2584 p.
573 2531 654 2579 39„
683 2531 779 2571 Nov.
807 2528 877 2571 56.
907 2544 986 2569 cum
1015 2528 1145 2570 Athan.
1174 2536 1228 2571 tit.
1261 2532 1299 2571 1.
1337 2539 1449 2574 const.
1481 2535 1547 2577 11.
1577 2552 1612 2590 p.

237 2701 276 2743 1)
305 2702 527 2746 Scrimgerus
545 2703 569 2736 l.
580 2712 610 2736 c.
623 2714 659 2748 p.
667 2700 748 2736 390.
762 2711 809 2734 ex
818 2699 898 2733 cod.
912 2700 1049 2734 Veneto
1065 2696 1225 2743 habetzv‘y
1246 2700 1287 2736 δὲ
1295 2703 1359 2749 ρξε’
1373 2700 1442 2751 οὐχ
1460 2701 1609 2755 εὑρέθη,

240 2768 280 2812 2)
306 2770 529 2812 Scrimgerus
551 2771 577 2803 l.
601 2780 633 2804 c.
647 2782 682 2815 p.
699 2769 779 2804 181.
803 2764 822 2808 ἦ
850 2762 916 2810 ξβ’.
944 2760 1107 2805 διάταξις
1123 2765 1192 2813 οὐχ
1215 2766 1348 2817 εὑρέθη
1357 2786 1370 2815 ;
1394 2785 1430 2819 p.
1442 2774 1522 2810 184.
1546 2776 1611 2810 καὶ

152 2818 241 2867 αὕτη
263 2819 285 2867 ἡ
309 2824 350 2862 ξέ
370 2820 529 2865 διάταξις
552 2822 621 2871 οὐχ
644 2821 798 2872 εὑρέθης
822 2836 858 2871 p.
882 2822 963 2860 370.
988 2819 1149 2865 διάταξις
1171 2822 1271 2873 ρμὸν.
1295 2825 1364 2874 οὐχ
1385 2825 1531 2876 εὑρέθη.
