1753 3215
864 186 922 230 22

152 316 321 369 geliorum
358 313 478 360 libris,
513 317 555 352 ut
586 315 625 364 in
653 312 824 353 Latinum
862 326 1056 355 sermonem
1087 315 1313 361 transferret,
1343 310 1567 353 emendandis
1606 325 1627 350 a

151 392 273 427 sancto
290 387 509 437 Hieronymo
523 384 557 442 ¹)
587 389 709 427 initam
739 400 819 427 esse
847 390 1020 432 videmus.
1037 410 1091 418 --
1119 387 1253 427 Ultimo
1283 388 1431 440 denique
1458 387 1533 425 loco
1551 388 1624 437 qui·
1649 409 1673 432 0

153 465 219 502 bus
237 445 452 516 temporibus
472 469 604 512 nostra,
633 476 721 515 quae
749 467 787 503 in
802 463 939 505 Veneto
968 466 1054 505 libro
1083 463 1237 509 habetur,
1265 461 1493 503 NoveIIarum
1510 463 1626 516 legum

155 539 312 578 collectio
342 536 809 591 prodierit,'disquirendum
840 545 916 587 est,
947 539 1010 579 sed
1035 539 1167 591 paucis.
1195 535 1201 542 '
1232 534 1352 575 Huius
1380 540 1432 576 rei
1460 538 1626 578 indicium

155 615 241 653 facit
268 614 388 662 index,
416 619 478 666 qui
505 620 542 655 in
571 615 705 654 Veneto
734 615 822 654 libro
852 615 1017 663 habetur,
1046 614 1088 653 de
1117 626 1183 665 quo
1212 611 1279 651 hoc
1306 612 1383 651 Ioco
1413 613 1545 664 aliquid
1574 612 1626 652 di·

98 741 101 743 .
155 688 303 727 cendum
334 692 412 729 erit.
481 688 596 741 Atque
624 692 773 729 intuenti
802 693 925 741 cuique
954 692 991 728 in
1021 695 1130 729 totum
1167 687 1246 726 libri
1282 692 1524 739 argumentum
1557 700 1627 727 non

159 764 293 811 dubito,
323 769 406 815 quin
435 765 539 803 facile
569 770 714 811 constet,
742 778 786 803 ex
815 763 970 811 duobus,
1007 767 1066 815 qui
1095 763 1232 802 diversa
1258 763 1374 813 legum
1404 763 1535 812 scripta
1564 760 1627 800 ha—

160 841 290 885 berent,
306 838 482 884 codicibus
511 841 778 892 transscriptum
808 851 887 876 esse
915 834 1079 892 totum2).
1116 837 1297 876 Habentur
1312 838 1401 875 enim
1418 837 1518 873 initio
1535 834 1627 874 Leo-

160 916 217 952 nis
245 913 434 959 Novellae,
464 915 590 964 quibus
617 911 764 966 μελὲτη
794 912 884 966 περὶ
913 913 1048 965 ψιλῶν
1076 906 1308 966 συμφώνων
1335 912 1518 950 subiuncta
1546 923 1627 950 esse

161 991 349 1038 repetitum
394 990 447 1026 sio
476 987 640 1040 deinceps
667 990 808 1040 reliqui,
848 987 939 1039 quod
966 1000 1027 1038 per
1055 986 1203 1024 codicem
1233 986 1395 1033 habetur,
1431 987 1627 1038 argumenti

160 1061 268 1101 index
294 1062 453 1109 habetur,
483 1065 541 1113 qui
562 1063 624 1102 fol.
647 1061 716 1102 67.
745 1063 788 1102 Β.
816 1063 937 1112 incipit
966 1066 1000 1099 et
1028 1074 1137 1111 usque
1165 1061 1209 1099 ad
1238 1061 1360 1100 folium
1380 1059 1448 1100 73.
1477 1061 1522 1100 B.
1552 1074 1627 1112 per-

161 1139 261 1182 tinet,
290 1138 477 1175 manifesto
507 1142 730 1189 argumento,
767 1138 928 1186 reliquam
958 1116 1037 1173 libri
1062 1142 1195 1185 partem
1232 1148 1276 1174 ex
1306 1137 1394 1182 aiio,
1423 1147 1537 1186 quam,
1566 1139 1627 1186 qui

161 1212 280 1260 priora
294 1209 445 1256 haberet,
461 1211 548 1249 libro
566 1212 678 1249 fuisse
707 1211 876 1249 haustam.
914 1209 985 1247 Hic
1011 1212 1119 1260 igitur
1145 1208 1251 1247 index
1280 1213 1389 1260 primo
1419 1211 1496 1248 loco
1524 1210 1629 1249 babet

160 1285 334 1321 rubricam
364 1286 644 1331 constitutionis,
671 1297 771 1334 quam
790 1287 974 1334 imperator
988 1283 1085 1320 Zeno
1111 1283 1153 1321 de
1182 1283 1348 1321 aedificiis
1374 1286 1519 1334 privatis
1547 1289 1627 1322 emi·

162 1360 228 1404 sit;
254 1370 357 1409 porro
387 1359 560 1406 rubricas,
600 1371 688 1410 quae
717 1363 798 1397 sunt
828 1360 982 1410 corporis
1011 1356 1212 1397 CLXVIII.
1269 1357 1509 1404 Novellarum,
1538 1372 1625 1410 quae

163 1445 241 1470 cum
271 1435 307 1470 in
335 1433 458 1470 folium
488 1432 555 1472 72.
585 1432 631 1471 A.
662 1433 842 1478 desinant,
871 1432 1034 1470 tredecim
1062 1433 1248 1471 Iustiniani
1276 1432 1388 1471 edicta
1415 1441 1625 1484 sequuntur3

161 1503 285 1543 deinde
323 1509 473 1556 quinque
507 1506 634 1544 lustini
662 1505 834 1544 Novellae
868 1509 1003 1557 positae
1039 1512 1121 1545 suut
1156 1505 1222 1545 hoc
1250 1508 1371 1546 titulo:
1409 1503 1514 1560 ἀρχὴ
1544 1508 1627 1548 τῶν

156 1574 376 1617 ’Ῑουστίνου
414 1579 591 1631 namur,-
629 1592 692 1617 sex
728 1580 863 1617 Tiberii
898 1580 1123 1618 hoctitulo:
1160 1577 1266 1634 ἀρχὴ
1301 1583 1383 1621 τῶν
1422 1566 1657 1636 nimiam*

157 1653 301 1704 triginta
336 1664 459 1690 novem
495 1652 629 1690 formae
663 1654 915 1703 praefectorum
945 1655 1141 1705 praetori05
1178 1655 1325 1707 denique
1361 1655 1406 1694 ad
1444 1656 1545 1695 finem
1574 1661 1625 1696 in·

156 1725 244 1764 dicis
272 1726 337 1764 fol.
367 1724 435 1764 74.
465 1725 511 1764 Α.
531 1726 704 1765 ‘Mauricii
733 1727 868 1765 Tiberii
898 1729 1098 1765 constitutio
1128 1727 1294 1775 habetur,
1324 1743 1427 1780 quam
1457 1732 1525 1769 duo
1555 1732 1624 1770 Ire·

154 1811 219 1836 nes
232 1798 416 1850 Augustae
436 1799 607 1859 Novellae
625 1804 757 1838 et'una
784 1799 918 1838 Leonis
937 1800 1227 1853 Constantinique
1255 1804 1314 1841 lex
1343 1803 1384 1842 de
1413 1807 1623 1855 parentibus,

158 1874 218 1920 qui
243 1872 373 1909 liberos
401 1885 446 1909 ex
475 1879 596 1910 sancto
624 1875 829 1923 baptismate
858 1877 1065 1923 suscipiunt,
1093 1879 1285 1925 sequuntur
1296 1873 1346 1928 3).
1413 1879 1509 1917 Huic
1535 1880 1623 1918 indi-

182 2070 185 2073 ’
247 2059 289 2105 1)
320 2060 442 2096 Praef.
474 2061 512 2095 in
543 2065 700 2107 quatuor
728 2061 918 2106 evangelia
952 2060 1053 2108 (opp.
1090 2063 1147 2099 ed.
1176 2064 1344 2101 Francof.
1375 2068 1419 2102 ad
1451 2068 1622 2105 Moenum

156 2117 276 2163 1516.)
303 2121 389 2153 tom.
408 2119 442 2154 9.
466 2117 544 2153 init.
566 2120 677 2163 Iyitur
697 2118 779 2153 haec
799 2130 960 2163 praesens
981 2120 1249 2163 praefatiuncula
1271 2125 1444 2166 pollicetur
1465 2133 1622 2171 quattuor

157 2179 287 2208 tantum
298 2176 480 2218 evanyelia,
504 2185 642 2219 quorum
665 2176 747 2208 ordo
770 2180 821 2209 est
843 2177 928 2209 iste:
954 2176 1162 2219 Matthaeus,
1180 2178 1335 2222 Marcus,
1345 2182 1468 2226 Lucas,
1478 2184 1620 2219 loannes

157 2232 352 2267 codicum
389 2233 658 2266 Graecorum
694 2233 926 2267 emendata
958 2233 1203 2268 callatione
1232 2237 1306 2270 sed
1341 2242 1381 2272 et
1412 2244 1618 2285 veterum,

158 2299 216 2321 nec
238 2299 321 2332 quae
338 2290 477 2322 multum
494 2300 517 2322 a
532 2290 681 2323 lectionis
692 2291 838 2323 Latinae
861 2291 1091 2324 cousuetudine
1112 2291 1351 2335 discreparent.
1365 2314 1406 2319 —
1431 2296 1479 2330 Et
1497 2300 1618 2341 paullo

159 2347 240 2378 ante
257 2344 396 2379 codices
410 2345 561 2380 Luciani
578 2345 821 2391 Hesychiique
839 2355 860 2379 a
875 2355 915 2379 se
932 2349 1073 2390 spretos
1097 2349 1249 2383 testatur
1270 2349 1324 2385 his
1348 2352 1487 2387 verbis:
1517 2365 1619 2398 prae-

158 2403 303 2436 termino
326 2413 381 2436 eos
404 2403 543 2447 codices,
567 2413 648 2448 quos
670 2414 692 2435 a
715 2404 868 2437 Lat-iano
892 2407 923 2436 et
942 2403 1106 2447 Hesychia
1128 2412 1332 2450 auvacupatos
1354 2420 1537 2453 parce-orum
1559 2412 1616 2445 ho-

158 2461 281 2493 mimem
313 2461 436 2493 asserit
467 2471 627 2503 perversa
643 2462 833 2503 contentio,
869 2460 988 2505 quibus
1010 2463 1120 2505 utique
1138 2474 1196 2497 aec
1217 2465 1252 2497 in
1275 2470 1344 2503 toto
1367 2468 1469 2500 veteri
1492 2469 1617 2503 instru-

159 2520 264 2549 mento
286 2520 362 2559 post
384 2518 592 2561 septuaginta
616 2518 814 2560 interpretes
836 2517 1012 2551 emendare
1034 2519 1110 2562 quid
1123 2520 1227 2564 licuit,
1251 2532 1309 2554 aec
1330 2523 1365 2555 in
1387 2533 1468 2557 ηυυο
1490 2526 1617 2569 profuit

158 2572 358 2606 emendasse.

247 2639 287 2681 2)
312 2640 393 2674 Hoc
415 2639 487 2673 iam
510 2640 699 2675 Mortreuil
721 2642 745 2675 l.
772 2651 802 2675 c.
827 2653 859 2681 p.
884 2641 941 2675 36.
968 2640 1066 2676 vidit.

250 2712 288 2756 3)
314 2713 414 2749 Haec
438 2713 594 2759 quidem,
618 2726 697 2750 cum
721 2715 766 2750 ab
789 2714 861 2760 his,
886 2713 947 2760 qui
970 2715 1130 2751 codicem
1155 2718 1328 2755 Venatum
1351 2723 1613 2771 examinarunt,

164 2770 411 2811 praetermissa
434 2781 514 2805 esse
536 2771 706 2816 viderem,
729 2771 818 2806 iuris
842 2770 977 2816 publici
999 2771 1067 2807 feci
1090 2773 1128 2808 in
1149 2774 1261 2813 libro:
1284 2779 1475 2825 Zeitschn’st
1489 2781 1612 2827 suiv-ye-

165 2823 362 2860 schtcmliche
371 2827 719 2873 Rechtswissenschaft
740 2832 826 2864 tom.
851 2829 942 2865 vm.
965 2840 1000 2873 p.
1023 2829 1101 2866 333.
