1753 3215
843 196 872 241 9

120 326 259 367 habere.
315 324 386 363 Est
414 327 529 362 autem
557 322 681 363 horum
711 331 1012 365 monumentorum
1042 327 1215 376 tripartita
1243 327 1346 373 ratio,
1373 324 1522 372 indicis,
1560 330 1600 364 ut

120 391 265 445 vocant,
292 398 451 450 Reginae
488 402 523 435 et
550 397 618 436 duo
647 398 807 445 illorum,
845 403 903 451 qui
933 400 1069 438 Graeca
1103 399 1250 449 habent,
1287 398 1446 437 codicum
1474 410 1597 437 manu·

120 477 327 523 scriptorum
356 470 393 509 id
421 477 485 520 est,
515 476 573 524 qui
602 470 763 510 Venetiis
791 472 949 520 habetur,
976 487 1076 524 quem
1106 473 1328 524 Scrimgerus
1356 478 1499 511 secutus
1527 479 1594 519 est,

119 553 153 585 et
182 548 239 597 qui
267 544 479 593 Florentiae,
507 549 607 585 cuius
628 545 829 598 apographo
856 546 1060 586 Haloander
1086 558 1175 585 usus
1205 557 1285 583 esse
1311 548 1493 597 reperitur.
1529 544 1594 585 At-

119 633 185 671 que
214 624 253 658 ut
282 621 325 658 ab
353 633 406 667 eo,
435 620 527 672 quod
556 623 593 658 in
620 622 733 672 primo
760 620 838 659 loco
866 624 1017 672 positum
1047 628 1112 667 est,
1140 608 1362 670 incipiamus,
1389 618 1497 657 index
1524 619 1593 658 Re·

115 697 238 748 ginae,
266 698 324 746 qui
350 708 460 746 nuper
488 707 510 733 a
538 708 593 733 me
620 697 710 733 iuris
735 695 864 746 publici
890 696 1009 734 factus
1036 700 1100 741 est,
1129 700 1267 733 centum
1297 697 1486 747 sexaginta
1512 698 1592 733 octo

115 768 342 808 Novellarum
371 770 528 807 rubricas
556 768 679 815 habet,
707 781 793 819 quas
822 768 1002 807 Theodori
1039 782 1119 807 esse
1148 774 1183 807 et
1211 767 1407 806 Zachariae
1435 768 1591 807 animad-

115 846 219 881 vertit
254 850 288 882 et
316 845 465 880 intuenti
496 844 619 892 cuique
647 845 684 880 in
712 841 891 880 Theodori
920 842 1068 881 indicem
1099 843 1205 880 facile
1233 843 1411 892 apparebit
1424 838 1480 895 ¹),
1519 844 1590 879 nisi

116 914 218 965 quod,
255 917 312 966 qui
341 916 499 969 Reginae
527 916 675 954 indicem
716 917 940 968 conscripsit,
978 915 1183 966 quibusdam
1222 917 1259 954 in
1287 916 1377 954 locis
1408 914 1589 954 Theodori

114 991 218 1026 verba
254 992 291 1027 in
321 991 422 1027 breve
460 992 632 1027 contraxit
643 985 702 1041 2),
739 995 799 1027 aut
840 991 943 1027 etiam
983 1003 1106 1027 vocum
1137 989 1354 1040 quarundam
1383 993 1587 1028 accessione

115 1065 213 1101 auxit
223 1059 272 1116 ³),
301 1076 388 1114 quae
409 1076 466 1101 res
487 1076 531 1101 ex
548 1063 705 1109 aliarum,
734 1076 823 1113 quae
846 1061 892 1101 ad
910 1071 1033 1102 nostra
1061 1069 1216 1114 tempora
1244 1076 1315 1102 non
1343 1067 1587 1114 pervenerunt,

113 1138 327 1174 rubricarum
365 1138 622 1187 comparatione
659 1141 782 1174 exorta
810 1149 890 1174 esse
916 1142 1052 1187 potest,
1092 1142 1153 1174 aut
1182 1137 1396 1174 rubricarum
1427 1136 1586 1174 ordin‘em

112 1210 305 1260 paullulum
320 1212 517 1248 immutavit
526 1204 576 1262 4),
605 1216 666 1247 aut
694 1208 841 1260 denique
869 1221 976 1250 unam
1005 1210 1217 1261 alteramque
1244 1212 1418 1249 rubricam
1447 1222 1492 1247 ex
1506 1210 1587 1247 aliis

203 1443 243 1488 1)
261 1442 512 1478 Certissimum
520 1441 627 1476 huius
636 1443 690 1477 rei
699 1442 870 1477 indicium
881 1443 968 1478 facit
978 1442 1216 1489 quarumdam
1224 1453 1353 1480 vocum
1361 1442 1593 1488 depravatio,

113 1511 207 1547 quae
232 1511 280 1534 ex
291 1499 479 1534 Theodori
502 1499 623 1534 verbis
647 1501 741 1534 male
764 1499 957 1535 intellectis
981 1500 1019 1534 in
1043 1499 1199 1535 indicem
1222 1499 1387 1544 Reginae
1410 1501 1588 1535 translata

112 1568 194 1592 esse
203 1556 395 1602 reperitur,
414 1558 514 1591 velut
537 1556 633 1601 quod
657 1556 818 1591 Nov.l5.
845 1568 892 1591 ex
916 1555 1074 1590 ἑκδίκων
1097 1557 1187 1591 exiit
1210 1555 1377 1601 ἐδίκτων,
1401 1560 1464 1592 aut
1487 1557 1585 1602 quod

110 1614 206 1650 Nov.
221 1612 279 1648 48.
289 1624 336 1647 ex
353 1613 460 1658 siglo,
486 1606 678 1659 quoxoe'ptv
689 1613 913 1658 designatur,
925 1608 1066 1658 χάρτης
1087 1612 1223 1648 factum
1247 1616 1315 1649 est.
1349 1612 1458 1657 Quid,
1484 1613 1584 1659 quod

109 1672 206 1707 Nov.
229 1671 308 1706 123.
332 1672 443 1706 verba
466 1670 553 1714 περὶ
576 1665 789 1713 διοικήσεως
809 1670 874 1704 καὶ
895 1672 1127 1716 προνομίων,
1153 1671 1283 1717 ‹juibus
1306 1670 1449 1705 initium
1472 1670 1580 1706 huius

110 1728 377 1763 constitutionis
416 1727 646 1770 designatur,
689 1737 769 1760 cum
800 1726 837 1760 in
862 1726 1051 1760 Theodori
1081 1727 1237 1760 indicem
1268 1726 1407 1761 librarii
1440 1727 1581 1762 incuria

110 1784 230 1820 delata
252 1783 336 1829 sint,
359 1782 397 1817 in
422 1793 530 1818 causa
552 1782 711 1827 suerunt,
735 1793 847 1830 quare
869 1781 1000 1817 indicis
1030 1782 1193 1826 Reginae
1217 1783 1372 1828 scriptor
1395 1781 1503 1818 huius
1524 1785 1579 1818 Ie-

109 1842 166 1885 gis
179 1841 344 1877 rubricae
362 1844 487 1875 contra
505 1844 620 1874 totum
643 1840 735 1882 legis
757 1843 920 1874 tenorem
944 1841 1036 1874 male
1060 1840 1150 1874 haec
1173 1840 1371 1874 addiderit:
1394 1840 1458 1873 καὶ
1480 1838 1578 1874 διοι-

107 1892 246 1941 κήσεως
267 1897 486 1942 προνομίων
500 1892 520 1930 ’ἐ
576 1895 741 1941 Denique
764 1896 859 1932 Nov.
883 1895 963 1931 153.
988 1906 1035 1930 ex
1054 1897 1308 1940 χαμευρετῶν,
1332 1895 1430 1941 quod
1453 1895 1578 1931 Theo·
1610 1922 1628 1930 .-

109 1956 219 1990 dorus
228 1955 350 1999 habet,
372 1953 483 1987 index
505 1952 669 1995 Reginae
686 1952 935 1999 χαμερπετῶν
955 1948 1043 1988 fecit
1061 1953 1158 1998 quod
1182 1953 1328 1999 quidem
1351 1953 1459 1988 huius
1484 1965 1573 1990 con-

108 2011 304 2048 stitutionis
327 2009 501 2046 sanctioni
527 2011 633 2056 plane
656 2014 846 2055 repugvat.

197 2098 237 2141 2)
264 2096 326 2132 Sic
347 2096 385 2131 in
408 2095 528 2131 indice
551 2095 714 2138 Reginae
736 2096 832 2130 Nov.
855 2095 911 2130 16.
936 2096 1195 2139 καταταξίμων
1217 2095 1333 2140 deest,
1358 2095 1455 2141 quod
1478 2096 1576 2141 apud

107 2155 345 2190 Theodorum
368 2153 541 2196 habetur3
564 2152 704 2187 inNov.
722 2152 1042 2197 25.,27·‚28.,29.‚
1058 2152 1114 2186 30.
1134 2162 1206 2186 vox
1230 2152 1306 2195 τοῦ,
1331 2162 1424 2197 quae
1449 2150 1575 2186 Theo-

108 2211 188 2247 dori
208 2214 277 2255 est,
301 2210 480 2244 excidisse
505 2208 805 2253 deprehenditur3
830 2209 916 2243 item
941 2208 1035 2242 Nov.
1046 2207 1103 2241 44.
1125 2208 1234 2241 verba
1256 2207 1321 2240 καὶ
1343 2207 1573 2253 συμβολαιο-

105 2257 272 2316 γράφων
303 2269 383 2310 καί,
419 2267 514 2302 Nov.
537 2265 594 2300 46.
625 2276 698 2300 vox
723 2259 927 2309 ἀκινήτων,
959 2264 1053 2299 Nov.
1077 2263 1149 2309 45„
1182 2274 1275 2310 quae
1297 2263 1383 2299 inde
1407 2274 1429 2298 a
1451 2265 1572 2300 verbis

106 2322 160 2361 ὅτι
175 2322 262 2372 τύχῃ
286 2319 499 2358 ὑπόκεινται
520 2323 711 2367 habentur,
735 2322 958 2356 exciderunt.

126 2410 127 2414 ’
198 2411 239 2456 3)
266 2410 328 2445 Sic
350 2410 445 2444 Nov.
458 2408 492 2444 4.
516 2411 600 2453 post
624 2407 812 2452 ἐγγυητῶν
835 2407 872 2440 in
895 2406 1014 2441 indice
1037 2406 1201 2450 Reginae
1225 2406 1388 2441 additum
1411 2410 1484 2441 est:
1508 2407 1573 2440 καὶ

105 2467 394 2513 ὰντιφωνητῶν,
431 2465 527 2511 quod
562 2465 657 2508 apud
682 2463 914 2497 Theodorum
946 2473 1018 2496 non
1042 2462 1213 2505 habetur3
1242 2462 1280 2495 in
1304 2473 1377 2507 quo
1401 2466 1440 2496 et
1460 2463 1574 2496 verba.

103 2525 168 2559 καὶ
190 2518 454 2571 ἐμφυτεύσεων
478 2522 620 2566 desunt,
644 2531 735 2566 quae
759 2519 853 2555 Nov.
876 2519 910 2555 7.
934 2522 1019 2564 post
1040 2529 1165 2554 vocem
1189 2513 1423 2564 πραγμάτων
1446 2519 1491 2553 ab
1514 2518 1573 2554 in-

104 2583 194 2619 dicis
219 2582 396 2629 scriptore
426 2580 545 2627 posita
580 2583 684 2625 sunt,
717 2577 870 2623 denique
892 2576 987 2612 Nov.
1011 2576 1068 2611 33.
1102 2578 1185 2621 post
1208 2570 1451 2616 δανειζόντων
1474 2576 1573 2622 apud

101 2638 197 2676 hunc
220 2650 293 2676 vox
316 2640 527 2686 νομίσματα
550 2635 802 2683 interponitur,
826 2644 934 2682 quam
958 2632 1145 2669 Theodori
1168 2631 1280 2668 index
1302 2642 1375 2668 non
1397 2630 1518 2669 habet.

194 2725 234 2768 4)
262 2726 324 2759 Sic
346 2725 491 2760 rubrica
512 2724 687 2759 Novellae
711 2723 788 2757 138.
809 2720 897 2768 περὶ
917 2720 980 2754 τοῦ
1002 2720 1055 2757 εἷς
1076 2718 1117 2753 τὸ
1141 2717 1296 2753 διπλοῦν
1314 2714 1483 2766 ’ρέοντας
1505 2718 1573 2754 τό-

103 2792 192 2819 κους
213 2793 332 2828 neque
356 2794 437 2817 cum
460 2779 644 2817 Theodori
668 2780 785 2815 indice
809 2777 986 2814 consentit
1008 2779 1071 2810 aut
1094 2787 1175 2810 cum
1194 2775 1391 2821 Scrirngeri
1413 2776 1572 2813 rubrica.

104 2839 214 2874 Certe
236 2838 457 2886 Athanasius
482 2842 594 2874 totam
619 2837 711 2873 hanc
733 2837 922 2872 Novellam
940 2833 1199 2882 (praetermisit.
