1753 3215
863 186 921 234 18

154 319 241 357 teris
270 317 312 355 ab
339 318 552 368 imperatore
579 317 673 358 datis
702 317 806 358 iidem
835 319 951 359 facere
978 318 1122 365 solebat,
1149 322 1332 369 repetitum
1363 324 1427 367 est,
1455 329 1544 370 qnae
1573 331 1631 358 res

154 406 199 431 ex
227 391 355 431 borum
385 393 627 445 exemplorum
657 397 911 446 comparatione
938 394 1094 446 profecta
1119 390 1258 431 videtur
1284 406 1383 442 esse3
1411 392 1558 446 denique
1587 392 1631 432 ad

155 467 304 521 epilogi,
344 470 405 520 qui
441 471 494 508 sic
530 472 671 522 incipit:
708 463 735 522 ᾗ
771 465 907 510 τοίνυν
941 464 995 521 σὴ
1022 461 1218 522 ὑπεροχή,
1261 467 1367 507 finem
1403 470 1631 522 magistratus

156 540 251 581 hanc
287 546 573 582 constitutionem
608 544 743 595 publice
778 556 969 595 proponere
1003 541 1220 596 prohibetur,
1264 552 1343 580 cum
1371 540 1456 581 hnic
1484 547 1536 582 rei
1560 544 1628 582 iam

158 630 214 665 ea,
242 631 331 669 quae
357 616 403 656 ad
429 619 627 670 praefectos
653 622 825 670 praetorio
854 620 966 657 missa
993 622 1111 657 essent
1123 612 1170 671 ¹),
1196 616 1286 669 legis
1315 617 1530 668 exemplaria
1558 619 1631 657 suf-

158 693 316 738 ficerent,
345 704 435 743 quae
463 691 603 743 quidem
629 691 815 745 prohibitio
844 693 887 730 ab
915 692 1104 743 exemplari
1132 689 1175 729 ad
1198 688 1386 730 Iohannem
1416 690 1629 743 praefectum

159 772 334 821 praetorio
363 772 494 808 emisso
523 770 637 808 aliena
666 774 721 808 est
734 799 745 816 ,
780 773 821 807 ut
849 781 937 820 quae
965 768 1181 807 alienissima
1207 770 1324 818 itaque
1352 781 1396 806 ex
1424 767 1507 815 alio,
1536 768 1629 818 quod

162 842 206 882 ad
224 844 330 882 alium
351 845 593 895 magistratum
611 844 758 881 missum
776 842 853 891 fuit,
880 840 949 881 huc
963 842 1132 882 translata
1147 853 1226 881 esse
1244 839 1474 882 existimanda
1489 846 1555 882 est.
1573 863 1629 873 -

160 917 315 957 Novella
345 916 422 964 14„
452 930 540 967 quae
568 931 630 968 per
658 916 762 956 edicti
788 919 935 955 formam
964 919 1096 955 civibus
1123 916 1518 968 Constantinopolitanis
1544 918 1629 967 pub-

161 992 227 1030 lice
255 990 475 1042 promulgata
503 990 592 1039 fuit,
621 996 700 1042 post
727 991 806 1029 illa:
843 986 918 1043 τὴν
943 983 1143 1043 ἡμετέραν
1171 987 1377 1030 πολιτείαν
1405 987 1627 1044 ἐλπίζομεν,

160 1069 197 1105 in
215 1079 303 1117 quae
325 1065 487 1118 epilogus
517 1064 657 1112 desinit,
686 1070 721 1105 et
748 1065 792 1104 ad
821 1069 1023 1118 magistrum
1050 1065 1243 1104 officiorum
1274 1078 1351 1104 cum
1381 1067 1499 1116 aliqua
1512 1071 1628 1104 tamen

159 1140 403 1177 immutatione
412 1134 449 1192 ²)
468 1140 598 1190 scripta
614 1151 694 1177 esse
707 1151 768 1192 per
786 1137 932 1186 hibetur,
961 1150 1029 1190 qua
1043 1137 1111 1186 hic,
1140 1137 1352 1191 quisecunda
1379 1152 1530 1192 persona
1557 1142 1629 1182 sin-

159 1215 296 1268 gularis
324 1215 460 1253 numeri
488 1213 693 1266 designatur
703 1210 752 1268 ³),
788 1216 1013 1266 magistratus
1049 1214 1140 1253 hanc
1168 1216 1449 1254 constitutionem
1479 1215 1631 1255 subditis

159 1293 276 1326 notam
306 1288 421 1326 facere
448 1288 598 1333 iubetur,
626 1290 685 1338 qui
712 1290 832 1326 iussus
859 1289 895 1325 in
934 1287 1001 1325 hoc
1039 1287 1176 1338 quidem
1204 1288 1411 1341 exemplari,
1448 1288 1538 1341 quod
1567 1302 1630 1342 per

159 1361 266 1402 edicti
307 1360 447 1401 modum
483 1363 620 1413 publice
656 1367 870 1414 propositum
906 1364 974 1400 fuit
989 1358 1044 1414 ⁴),
1087 1363 1201 1400 locum
1238 1362 1364 1400 habere
1400 1377 1469 1402 non
1504 1367 1628 1416 potuit,
1701 1387 1704 1389 <

157 1439 277 1489 itaque
314 1450 359 1475 ex
388 1436 497 1475 altero
526 1435 632 1475 huius
661 1438 921 1476 constitutionis
949 1437 1136 1487 exemplari
1166 1451 1187 1475 a
1215 1437 1430 1477 collectionis
1466 1439 1628 1490 compila-

157 1517 234 1550 tore
278 1510 322 1549 ad
357 1510 461 1549 finem
498 1510 589 1562 legis
619 1510 805 1549 adnotatus
835 1523 913 1548 esse
941 1513 1194 1562 reperitur.—-
1234 1501 1376 1554 Quibus
1397 1525 1443 1551 ex
1471 1514 1627 1553 fontibus

156 1585 294 1624 diversa
322 1583 409 1622 haec
436 1586 543 1623 unius
572 1583 796 1634 eiusdemque
826 1586 1086 1623 constitutionis
1125 1587 1284 1636 exempla
1318 1589 1466 1639 scriptor
1502 1588 1627 1627 hause-

153 1661 209 1705 rit,
237 1661 274 1697 in
302 1662 399 1696 tanta
428 1658 644 1707 antiquitatis
674 1657 823 1707 caligine
852 1662 945 1695 certo
975 1656 1111 1696 definiri
1141 1671 1210 1697 non
1238 1663 1365 1710 potest.
1423 1661 1482 1700 Sic
1510 1668 1638 1701 tamen,

152 1733 237 1772 mihi
263 1730 469 1784 persuadeo,
497 1735 622 1784 partim
651 1731 774 1770 horum
806 1733 1052 1783 exemplarium
1082 1736 1153 1772 iam
1182 1746 1250 1791 non
1281 1746 1327 1772 ex
1355 1735 1436 1772 aliis
1460 1735 1627 1775 Novella·
1667 1716 1672 1720 Χ

151 1820 228 1847 rum
244 1807 506 1846 collectionibus
521 1806 712 1845 derivatum
733 1818 824 1854 esse,
853 1806 914 1845 sed
931 1819 975 1845 ex
992 1808 1133 1846 scriniis
1164 1810 1443 1861 magistratuum,
1461 1824 1524 1863 per
1537 1824 1626 1863 quae

153 1895 298 1933 sparsae
335 1883 505 1926 iacebant,
542 1881 653 1918 fuisse
683 1882 929 1930 conquisitum.
987 1880 1100 1918 Cuius
1129 1884 1180 1919 rei
1217 1881 1384 1920 indicium
1421 1885 1506 1921 facit
1540 1890 1624 1923 nota

152 1956 216 1994 illa
242 1955 414 2005 praefatio
444 1954 721 1991 constitutionis:
760 1950 802 1991 ἐν
831 1946 1002 2001 ὀνόματι
1029 1952 1104 1990 τοῦ
1134 1947 1334 1992 δεσπότου
1369 1953 1463 1995 Nov.
1495 1955 1561 1996 17.
1592 1965 1626 1997 et

153 2027 235 2075 43„
264 2040 368 2079 quam
386 2030 422 2065 in
436 2027 588 2079 singulis
617 2027 925 2065 constitutionibus
952 2027 1088 2076 publice
1115 2027 1377 2078 promulgandis
1406 2033 1624 2080 imperatoris

151 2103 286 2141 nomini
313 2103 479 2154 praeponi
508 2100 647 2139 solitam
678 2098 817 2139 aliunde
847 2085 936 2139 satis
966 2104 1102 2138 constat
1113 2094 1163 2154 ⁵),
1191 2114 1295 2151 quam
1325 2102 1460 2154 quidem
1489 2107 1623 2157 praesa·
1687 2108 1699 2123 ⁴

241 2270 282 2316 1)
309 2270 371 2306 Sic
398 2269 494 2305 enim
526 2268 577 2304 ibi
601 2267 773 2304 habetur:
806 2263 1024 2316 ἀρκούντων
1046 2267 1119 2302 τῶν
1142 2267 1229 2314 περὶ
1251 2263 1382 2304 τούτου
1405 2269 1488 2318 παρ’
1517 2269 1625 2319 ἡμῶν

153 2328 429 2373 γεγραμμένων
446 2322 540 2370 πρὸς
554 2323 640 2364 τοὺς
656 2321 922 2365 ἐνδοξοτάτους
937 2320 1133 2369 ὑπάρχους
1155 2326 1229 2359 τῶν
1250 2325 1361 2371 ἱερῶν
1378 2332 1623 2376 πραιτωρίων,
1654 2355 1659 2359 ,

242 2383 283 2429 2)
311 2382 373 2418 Sic
396 2383 508 2417 Onim:
531 2378 627 2429 μετὰ
647 2381 708 2424 τῆς
729 2380 970 2428 παραλλαγῆς
992 2375 1135 2424 ταύτης.

242 2441 282 2483 3)
311 2440 373 2475 Sic
396 2440 507 2475 enim:
531 2436 553 2482 ἡ
578 2440 705 2473 τοίνυν
727 2436 773 2480 σὴ
795 2434 973 2483 ὑπεροχή.

242 2497 284 2540 4)
309 2498 390 2531 Hac
407 2496 502 2530 enim
514 2494 815 2541 promulgationis
838 2493 982 2529 ratione
1004 2492 1201 2539 imperator
1224 2494 1320 2530 cives
1344 2495 1454 2532 totins
1478 2498 1624 2545 reipub-

152 2554 258 2599 licae,
287 2554 349 2589 ubi
372 2554 654 2600 proponebatur,
678 2552 816 2598 alloqui
838 2551 992 2588 solebat.
1023 2550 1118 2586 Nov.
1151 2552 1185 2587 8.
1208 2552 1317 2587 edict.
1350 2552 1414 2586 καὶ
1436 2550 1498 2588 διὰ
1521 2557 1622 2591 τοῦτο

154 2609 217 2644 τὸν
247 2607 367 2657 νόμον
393 2606 508 2645 ἀυτὸν
530 2609 593 2643 καὶ
616 2608 659 2644 ἓν
689 2607 836 2643 ἐδίκτου
859 2608 1156 2655 προτεθείκαμεν
1185 2603 1358 2654 σχήματι.
1414 2611 1505 2647 Vide
1528 2614 1622 2650 Nov.

155 2668 227 2712 13„
245 2668 316 2711 69„
338 2668 417 2703 131.
440 2678 518 2713 seq.

244 2724 283 2768 5)
309 2724 426 2760 Huius
457 2724 513 2760 rei
534 2724 641 2759 fidem
664 2723 802 2759 faciunt
825 2725 862 2757 et
893 2721 1164 2759 Institutionum
1186 2723 1461 2762 Iustinianarnm
1493 2740 1625 2775 prooe-

158 2781 268 2817 mium
291 2785 328 2816 et
348 2781 636 2826 constitutiones,
659 2792 753 2827 quae
778 2781 823 2815 de
845 2779 1081 2826 conceptione
1104 2784 1141 2816 et
1164 2781 1433 2819 confirmatione
1454 2786 1626 2832 Digesto-

157 2850 238 2874 rum
262 2841 358 2884 sunt,
381 2839 535 2885 deniqne
557 2838 732 2875 Collectio
755 2838 869 2875 XXV.
893 2841 931 2873 et
953 2837 1165 2875 LXXXVII.
1189 2839 1439 2886 capitulorum.
