1753 3215
820 120 823 122 ¹
835 152 865 197 o

123 294 261 336 totidem
291 290 509 330 authenticas
536 287 804 326 constitutiones
832 287 909 323 sive
936 282 1088 322 Latinas
1125 283 1202 318 sive
1231 279 1390 318 Graecas
1419 277 1462 315 ab
1491 278 1594 316 initio

121 369 298 416 habuerit,
335 378 437 419 quam
476 369 590 404 tamen
625 361 902 401 vetustissimam
940 355 1156 398 collectionis
1185 354 1335 394 formam
1365 353 1492 394 Graeci
1520 350 1595 392 No·

120 444 286 483 venarum
316 441 454 482 codices
488 452 558 478 non
592 440 643 477 ita
670 435 834 488 religiose
862 433 1118 486 expresserint,
1153 441 1232 468 cum
1269 434 1412 481 propter
1440 427 1593 468 Latinae

121 520 266 571 linguae
302 531 363 569 per
392 515 566 556 Orientem
603 514 775 552 inscitiam
818 513 853 548 et
890 521 960 548 non
989 519 1093 546 usum
1121 503 1331 543 Latinarum
1360 503 1591 544 Novellarum

123 596 248 645 partim
278 606 321 630 ex
349 591 455 630 huius
483 589 695 629 collectionis
711 586 800 623 serie
828 586 1004 629 eiecerint,
1033 582 1155 632 partim
1171 577 1240 626 his,
1269 591 1358 629 quae
1375 578 1466 630 apud
1483 577 1592 618 Atha-

123 670 261 706 nasium
297 659 590 716 Theodorumque
618 663 795 704 habentur,
830 660 948 711 legum
987 658 1147 708 epitomis
1183 655 1469 706 per-nutaverint.
1505 687 1507 689 .
1535 653 1591 691 Ab

122 741 191 780 hac
219 743 381 793 opinione
410 753 475 778 nec
502 739 727 778 Bienerus
764 734 927 773 discessit
966 744 1077 782 neque
1114 730 1324 769 recentiores
1359 726 1589 767 Novellarum

126 815 277 855 editores
313 814 480 853 dimoveri
516 826 554 851 se
589 814 686 863 passi
723 815 822 855 sunt,
857 820 1004 858 quorum
1032 805 1088 843 vel
1116 805 1330 843 novissimus
1359 822 1415 830 —
1446 802 1592 841 Osen·

126 892 325 942 briiggen
354 888 431 927 dico
461 909 518 917 —
545 901 615 926 non
642 891 775 924 tantum
809 885 845 922 in
883 882 1056 922 Gontiana
1082 882 1153 918 ista
1180 878 1313 918 Latina
1340 878 1488 916 Graecis
1515 889 1591 928 per-

125 963 294 1003 miscendi
330 968 364 1002 et
400 962 445 1001 ad
480 975 662 1008 numeros,
702 963 760 1012 qui
795 961 832 998 in
868 958 1071 997 collectione
1100 954 1304 994 CLXVIII.
1360 952 1589 992 Novellarum

124 1039 309 1085 habentur,
343 1036 524 1089 redigendi
551 1039 683 1075 ratione
710 1032 994 1086 acquiescendum
1023 1033 1168 1082 putavit,
1195 1043 1316 1068 verum
1345 1030 1448 1067 etiam
1478 1040 1591 1079 usque

127 1113 213 1152 adeo
259 1114 449 1164 processit,
493 1116 533 1150 ut
578 1112 732 1151 Graecas
773 1109 853 1149 illas
895 1106 1103 1146 Latinarum
1138 1102 1367 1144 Novellarum
1405 1104 1590 1155 epitomas,

126 1200 214 1238 quas
242 1187 298 1225 vel
327 1185 475 1224 Contius
503 1186 711 1231 retinuerat,
748 1181 956 1222 abiiciendas
993 1187 1028 1219 et
1057 1181 1098 1218 ab
1138 1178 1302 1218 editionis
1330 1179 1452 1217 limine
1479 1190 1591 1216 remo-

124 1261 255 1299 vendas
284 1264 430 1306 curaret,
459 1263 575 1297 motus
604 1259 736 1297 scilicet
750 1259 889 1298 Bieneri
919 1257 1044 1302 verbis,
1073 1256 1131 1305 qui
1159 1254 1255 1292 hisce
1269 1255 1430 1304 epitomis
1447 1254 1484 1290 in
1498 1265 1590 1290 nova

123 1335 353 1373 Novellarum
397 1333 549 1372 editione
584 1332 784 1371 adornanda
819 1334 871 1370 sic
908 1330 1044 1369 demum
1083 1319 1202 1368 locum>
1234 1329 1309 1367 fore
1346 1327 1511 1373 dixisset,
1557 1328 1590 1364 si

124 1411 183 1459 qui
211 1409 348 1459 plenam
376 1407 483 1447 huius
516 1405 731 1446 collectionis
763 1408 949 1458 imaginem
986 1404 1115 1443 referre
1153 1402 1282 1441 mallet.
1340 1402 1380 1441 In
1421 1414 1487 1453 quo
1524 1414 1590 1441 nec

122 1484 189 1520 viri
218 1481 310 1521 docti
340 1484 546 1521 sententiam
577 1484 761 1520 assecutus
788 1478 926 1519 videtur
954 1491 1051 1525 esse,
1094 1483 1128 1516 et
1156 1475 1245 1516 hanc
1274 1476 1489 1516 collectionis
1519 1477 1586 1516 sor-

120 1568 222 1601 mam,
251 1568 339 1605 quae
367 1555 465 1593 nulla
494 1554 571 1600 fuit,
599 1553 750 1592 editione
779 1555 952 1604 expressit
980 1565 1057 1589 sua.

228 1628 288 1667 Ex
313 1628 381 1675 his,
410 1642 498 1679 quae
526 1627 641 1667 adhuc
677 1629 948 1679 disputavimus,
985 1629 1074 1665 satis
1110 1632 1269 1680 apparet,
1306 1639 1447 1666 causam
1484 1627 1588 1678 plane

116 1715 195 1741 esse
223 1703 367 1749 nullam,
396 1715 502 1753 quare
530 1700 681 1741 Latinas
694 1703 882 1742 Iustiniani
896 1700 1068 1740 Novellas
1098 1702 1135 1740 iu
1160 1701 1365 1740 collectione
1381 1700 1585 1741 CLXVIII.

114 1776 338 1815 Novellarum
370 1777 411 1814 ab
439 1777 539 1815 initio
568 1776 680 1815 fuisse
710 1774 892 1815 credamus
921 1787 1060 1826 eosque,
1090 1778 1149 1826 qui
1177 1776 1248 1813 alia
1276 1778 1394 1815 omnia
1409 1780 1585 1831 censeant,

115 1850 262 1889 Antonii
290 1850 426 1896 Contii,
462 1852 521 1900 qui
556 1851 674 1889 Iacobi
703 1849 838 1888 Cniacii
868 1850 1053 1887 consilium
1082 1862 1153 1887 non
1171 1851 1340 1899 cepisset,
1381 1862 1498 1888 errore
1528 1848 1584 1886 de-

116 1929 235 1974 ceptos
264 1922 309 1961 ad
336 1926 441 1962 istam
472 1925 667 1974 opinionem
696 1924 908 1973 pervenisse.
968 1920 1081 1964 Quam
1110 1929 1227 1960 tamen
1260 1928 1300 1960 ut
1327 1923 1465 1976 plenius
1493 1923 1587 1961 refu·

114 2007 240 2044 temus,
268 1997 312 2035 ad
341 1997 522 2037 historiam
551 1998 778 2037 Novellarum
807 1998 924 2048 paullo
953 1998 1060 2035 altius
1089 1996 1366 2036 descendendum
1396 2001 1476 2036 erit.
1519 2000 1583 2036 At-

114 2085 179 2122 que
215 2072 403 2111 Iustiniani
440 2071 578 2122 quidem
617 2074 830 2123 temporibus
874 2071 1105 2110 authenticam
1145 2072 1372 2111 Novellarum
1409 2074 1584 2111 collectio·

111 2160 190 2184 nem
227 2148 271 2201 ab
305 2148 383 2197 ipso
418 2148 626 2198 imperatore
653 2147 906 2199 promulgatam
938 2148 1052 2185 fuisse
1080 2148 1182 2199 plane
1211 2148 1342 2185 nullam
1374 2145 1451 2201 (id,
1490 2147 1584 2198 quod

111 2219 281 2258 Bienerus
297 2215 329 2271 1)
361 2219 575 2272 observavit)
606 2220 781 2260 Iohannes
817 2220 1049 2259 scholasticus
1084 2223 1122 2259 in
1157 2222 1372 2273 praefatione
1409 2222 1583 2260 collectio-

112 2295 181 2340 nis,
211 2304 297 2342 quae
324 2292 555 2334 LXXXVII.
585 2295 745 2345 capitulis
781 2285 936 2341 coirstat‚
973 2300 1094 2332 auctor
1130 2302 1185 2333 est
1223 2298 1311 2334 satis
1348 2295 1497 2334 idoneus
1530 2290 1582 2348 ²).

113 2366 233 2416 Itaque
262 2379 337 2403 cum
367 2368 526 2419 singulae
553 2367 724 2406 Novellae
754 2371 1022 2407 constitutiones
1057 2382 1119 2420 per
1155 2371 1422 2422 magistratuum
1452 2371 1583 2407 scrinia

114 2439 290 2491 dispersae
317 2438 543 2489 haberentur,
578 2443 729 2481 Ictorum
761 2443 838 2490 fuit,
877 2442 1037 2494 dispersa
1072 2443 1189 2497 legum
1228 2445 1381 2483 membra
1417 2443 1581 2496 colligere

115 2521 147 2550 et
175 2516 212 2550 in
239 2527 309 2551 uno
338 2512 478 2565 corp—ore
506 2516 646 2562 referre,
675 2516 766 2566 quod
796 2516 934 2568 quidem
957 2530 978 2554 a
1006 2518 1183 2571 Stephano
1213 2517 1469 2569 Anonymoque
1498 2529 1581 2569 quo·

116 2585 192 2621 dam
221 2588 406 2638 scriptore,
437 2589 526 2627 unde
554 2590 713 2629 lulianus
751 2596 952 2630 antecessor
981 2603 1046 2631 sua
1075 2592 1231 2640 deduxit,
1259 2591 1419 2632 videmus
1447 2592 1579 2632 factum

205 2750 244 2793 1)
269 2751 312 2786 L.
336 2763 367 2786 c.
390 2764 427 2798 p.
449 2754 546 2788 38—
556 2755 614 2790 50.

204 2806 245 2849 2)
271 2807 375 2852 Apud
397 2810 596 2846 Heimbach
612 2809 839 2849 ’Λνεκδότων
862 2818 949 2852 tom.
972 2818 1017 2853 11.
1042 2829 1078 2864 p.
1098 2817 1180 2854 208.
