1753 3215
830 219 887 265 23

126 352 177 391 cis
202 350 308 389 seriei
332 358 409 386 cum
439 346 571 398 reliquo
599 347 679 385 libri
707 352 921 400 argumento,
947 350 985 390 iu
1014 354 1179 403 quantum
1209 350 1311 392 nobis
1338 354 1500 392 servatus
1530 354 1597 400 est,

126 424 187 462 ita·
212 421 392 467 convenit,
426 425 465 462 ut
493 419 579 471 nihil
614 434 734 475 supra.
799 422 840 465 In
875 436 943 476 quo
977 423 1066 468 illud
1104 422 1240 478 quidem
1274 425 1498 467 manifestum
1527 430 1593 471 est,

124 495 349 551 principalem
376 494 483 539 huius
509 496 635 548 indicis
662 502 796 551 partem
824 501 862 539 in
891 498 1093 543 CLXVIII.
1130 498 1360 545 Novellarum
1389 499 1592 545 collectione

94 562 98 565 ⁴
123 575 275 625 positam
300 582 390 620 esse,
418 575 475 615 cui
500 573 645 622 Iustini,
673 573 810 614 Tiberii
837 578 1114 620 constitutiones,
1141 573 1334 626 eparchiea,
1360 554 1593 628 posteriorum

123 650 369 699 imperatorum
404 648 503 701 leges
539 652 641 701 quasi
668 648 867 701 appendicis
899 652 976 695 loco
1003 650 1160 691 adiectae
1193 653 1278 692 sint.
1328 648 1486 703 Cumque
1518 650 1592 702 illa,

125 736 228 774 quam
262 721 397 762 Leonis
427 722 714 776 Constantinique
750 736 828 764 esse
864 724 1037 772 diximus,
1064 724 1218 765 Novella
1247 725 1446 767 constitutio
1474 724 1590 767 Leoni

127 796 283 837 Chazaro
314 800 457 849 eiusque
492 798 565 837 filio
605 798 832 853 Constantino
868 799 1047 839 tribuenda
1070 803 1119 838 sit
1133 795 1166 851 1)
1204 804 1240 837 et
1276 801 1367 839 inter
1396 812 1525 838 annum
1553 813 1589 850 p.

126 871 211 913 Chr.
239 886 275 912 n.
304 871 401 915 776,
430 877 464 911 et
492 869 577 911 780
604 874 718 924 itaque
750 876 830 913 viva
864 872 1068 926 videnteque
1096 874 1196 914 Irene
1225 872 1307 912 data
1335 885 1416 926 esse
1443 875 1588 926 reperia-

125 952 202 995 tur,
231 961 301 987 non
329 947 461 994 dubito,
489 949 572 998 quin
600 946 656 986 his
683 947 808 988 iisdem
838 950 1048 1000 temporibus
1078 939 1231 990 nostram
1260 948 1490 991 Novellarum
1518 948 1586 988 col·

124 1023 306 1062 lectionem
319 1025 387 1062 iam
404 1025 442 1060 in
471 1023 629 1061 manibus
657 1022 970 1061 iureconsultorum
999 1023 1113 1065 fuisse
1142 1023 1245 1063 facile
1274 1024 1335 1062 tibi
1362 1021 1586 1076 persuadeas,

125 1097 297 1149 siquidem
313 1110 432 1135 verum
447 1101 511 1144 est,
540 1097 643 1136 talem
671 1095 778 1138 huius
798 1099 960 1148 corporis
989 1098 1230 1151 appendicem,
1259 1110 1345 1148 quae
1374 1098 1584 1150 reliquorum

124 1174 372 1223 imperatorum
397 1173 660 1211 constitutiones
684 1170 730 1211 ad
761 1170 1040 1224 chronologicam
1068 1176 1237 1211 rationem
1266 1170 1421 1224 digestas
1448 1170 1584 1224 habeat,

126 1250 162 1285 et
189 1247 227 1284 in
254 1245 373 1284 Irenes
401 1257 604 1295 eorumque,
641 1247 700 1295 qui
727 1245 780 1283 illi
807 1249 921 1286 aetate
948 1258 1114 1297 suppares
1141 1246 1294 1291 fuerunt,
1322 1244 1586 1284 constitutiones

127 1318 273 1364 desinat,
302 1319 550 1356 recentioribus
578 1319 789 1368 temporibus
814 1318 982 1358 vindicari
1009 1332 1078 1358 non
1107 1331 1222 1369 posse.
1280 1316 1350 1356 Sed
1378 1322 1413 1355 et
1443 1316 1584 1367 longius

127 1395 325 1433 coniectura
348 1391 602 1443 procedendum
631 1393 787 1434 arbitror.
823 1391 883 1432 Sic
911 1396 1001 1434 enim
1030 1390 1115 1431 mibi
1141 1389 1344 1444 persuadeo,
1370 1393 1585 1442 praecipuam

126 1467 233 1507 huius
263 1470 458 1519 argumenti
485 1472 630 1518 partem,
658 1466 695 1505 id
724 1471 788 1512 est,
817 1467 1055 1507 collectionem
1085 1465 1285 1506 CLXVIII.
1349 1464 1585 1510 Novellarum,

127 1555 198 1583 una
225 1555 302 1581 cum
332 1542 458 1580 Iustini
486 1541 686 1593 Tiberiique
717 1539 881 1584 Novellis
906 1546 940 1580 et
967 1539 1155 1593 eparchiois
1182 1541 1251 1581 iam
1281 1552 1350 1578 non
1377 1539 1419 1580 ab
1447 1551 1499 1586 eo,
1527 1541 1586 1590 qui

126 1618 217 1656 hanc
245 1616 466 1668 appendicem
496 1617 656 1662 confecit,
693 1616 928 1667 compilatam,
964 1614 1027 1657 sed
1062 1627 1106 1652 ex
1143 1616 1326 1664 antiquiori
1354 1613 1467 1665 aliquo
1494 1612 1581 1649 libro

128 1691 333 1730 translatam
349 1703 440 1737 esse,
467 1694 567 1730 cuius
586 1692 634 1729 rei
649 1694 886 1743 argumentum
916 1690 1002 1740 satis
1030 1687 1190 1727 idoneum
1218 1684 1305 1724 illud
1333 1684 1429 1724 reddi
1456 1689 1582 1741 potest,

128 1765 230 1817 quod,
268 1768 327 1816 qui
364 1763 565 1804 CLXVIII.
601 1765 757 1801 rubricas
785 1760 995 1813 composuit,
1033 1773 1278 1811 saepenumero
1316 1759 1360 1797 ad
1387 1758 1463 1805 has,
1492 1770 1580 1807 quae
1638 1767 1641 1769 ’

126 1838 253 1878 ibidem
289 1838 475 1884 habentur,
511 1838 658 1882 Iustini,
687 1835 821 1875 Tiberii
848 1835 1036 1881 Novellas,
1069 1837 1152 1871 item
1181 1833 1225 1871 ad
1253 1830 1430 1884 eparchica
1459 1843 1578 1882 provo—

128 1917 229 1960 cavit,
258 1925 366 1963 eaque
394 1910 439 1949 ad
473 1911 575 1956 illos,
611 1911 669 1960 qui
697 1912 733 1947 iu
769 1909 835 1947 hoc
862 1908 974 1948 indice
1002 1907 1185 1952 habentur,
1225 1917 1387 1944 numeros
1414 1902 1579 1944 laudavit.

126 1989 248 2039 Itaque
277 1989 364 2025 satis
393 1984 567 2037 probabile
596 1989 660 2031 est,
688 1982 755 2029 his,
784 1995 871 2033 quas
900 1980 1070 2027 diximus,
1106 1980 1262 2032 partibus
1290 1980 1465 2028 antiquius
1493 1975 1579 2015 illud

126 2064 246 2113 legum
265 2071 389 2108 corpus
418 2060 519 2107 quasi
549 2058 703 2098 clausum
734 2057 865 2102 fuisse3
894 2056 1026 2105 reliqua
1054 2054 1301 2104 posterioribus
1330 2051 1466 2089 demum
1496 2055 1577 2087 tem-

127 2135 269 2187 poribus
305 2130 451 2170 adieeta.
517 2129 671 2180 Cumque
707 2131 743 2167 in
780 2132 837 2173 iis,
875 2129 999 2178 quibus
1036 2129 1209 2177 antiquior
1247 2128 1315 2163 ista
1349 2122 1574 2161 Novellarum

128 2208 284 2247 collectio
314 2209 462 2251 constat,
489 2209 524 2241 et
551 2202 710 2240 tredecim
739 2203 922 2245 Iustiniani
951 2200 1062 2237 edicta
1088 2199 1292 2241 habeantur,
1321 2208 1408 2246 quae
1436 2207 1480 2235 ex
1506 2194 1576 2248 ple·

129 2284 221 2323 niori
245 2278 387 2332 quadam
416 2278 685 2317 Iustinianarum
713 2273 937 2313 Novellarum
968 2267 1167 2310 collectione
1196 2281 1355 2307 manasse
1383 2269 1450 2305 iam
1479 2266 1572 2305 Bie-

129 2349 312 2406 nerus2)
342 2352 447 2398 vidit,
476 2352 601 2388 mirum
630 2348 739 2386 videri
766 2352 897 2398 potest,
934 2346 1025 2396 quod
1060 2348 1096 2382 iu
1124 2344 1189 2382 hoc
1217 2344 1291 2380 loco
1320 2342 1452 2391 aliquot
1478 2338 1593 2390 leges*

130 2431 259 2469 relatae
287 2431 368 2466 sunt
395 2427 561 2476 integrae,
590 2436 676 2473 quae
704 2424 739 2460 in
771 2421 968 2460 collectione
987 2417 1186 2457 CLXVIII.
1221 2415 1446 2455 Novellarum
1476 2413 1573 2464 plane

130 2519 211 2552 non,
224 2509 294 2549 aut,
322 2505 422 2553 prout
440 2497 528 2550 apud
543 2497 765 2536 Theodorum
779 2496 951 2546 leguntur,
979 2494 1014 2529 in
1045 2493 1144 2529 breve
1172 2494 1365 2528 contractae
1393 2488 1571 2529 habentur,

132 2579 192 2617 Sic
208 2576 380 2616 Novellae
399 2571 475 2620 14„
491 2584 590 2623 quam
608 2570 734 2608 Latine
751 2569 950 2617 Graeceque
980 2566 1140 2616 scriptam
1171 2564 1283 2601 fuisse
1311 2563 1398 2600 satis
1427 2564 1573 2605 constat,

222 2744 261 2789 1)
288 2742 446 2778 Hociam
455 2742 678 2777 Zacfflmrn
691 2738 729 2774 in
739 2734 907 2773 historiae
915 2733 1002 2769 iuris
1016 2732 1165 2768 Graeco·
1175 2728 1326 2766 Romani
1335 2726 1576 2764 delineatione

133 2818 167 2851 p.
190 2802 247 2837 13.
270 2800 422 2837 viderat.

224 2875 263 2919 2)
290 2874 333 2910 L.
358 2884 388 2908 ο.
412 2884 447 2918 p,
471 2872 550 2908 116.
