1753 3215
837 183 895 227 3⁰

130 313 301 351 Novellas
330 316 604 371 constitutiones
633 316 765 352 Graece
793 316 953 364 scriptas,
982 315 1125 351 omissis
1160 313 1288 351 Iustiui
1326 314 1525 363 Tiberiique
1562 313 1611 349 le·

131 388 235 439 gibus
252 387 527 442 eparchicisque,
545 389 586 429 ad
604 389 703 437 hanc,
733 400 818 441 quae
847 391 883 426 iu
906 385 1085 427 Theodori
1099 386 1267 434 Syntomo
1296 387 1453 437 habetur,
1481 391 1607 427 seriem

132 467 377 514 composuisse
397 454 591 504 credendus
610 472 674 510 est,
703 463 775 511 sed,
803 462 965 514 quicquid
995 467 1032 500 in
1060 462 1127 500 hoc
1153 462 1243 499 libro
1273 462 1421 502 relatum
1451 463 1609 509 vidisset,

132 537 261 579 harum
281 541 512 592 epitomarum
541 542 727 593 genuinum
744 542 956 585 contextum,
971 542 1007 577 in
1039 543 1205 590 quantum
1241 539 1385 588 reperiri
1413 544 1537 589 potuit,
1566 539 1610 577 ad

134 615 290 653 eiusdem
322 613 503 654 Theodori
532 620 685 653 tenorem
715 613 951 663 composuisse
979 611 1234 651 existimandus
1270 617 1336 649 est.
1401 613 1525 663 Itaque
1553 615 1609 653 Iu·

135 690 220 728 stiui
247 687 421 728 Novellas
450 703 515 729 suo
545 701 714 741 quamque
741 690 777 727 in
805 687 882 725 loco
912 690 1030 738 posuit
1059 694 1170 736 totas3
1207 690 1288 726 item
1319 686 1454 725 Tiberii
1483 691 1609 727 consti-

135 768 301 811 tutiones,
318 767 443 815 quibus
458 767 495 802 in
510 765 598 802 locis
619 762 709 814 apud
728 761 952 800 Theodorum
972 762 1152 808 habentur,
1164 764 1367 812 perscripsit
1382 764 1538 811 integras
1555 757 1609 813 ί);

138 837 287 890 denique
308 841 377 878 tria
405 837 596 890 eparchica,
626 851 713 889 quae
741 840 777 876 in
795 835 975 875 Theodori
1003 836 1093 874 libro
1122 837 1266 875 ultimos
1296 843 1366 874 tres
1395 836 1493 874 locos
1507 848 1607 877 occu·

136 920 274 965 parunt,
303 914 370 951 etsi
388 913 480 963 apud
503 912 736 965 Scrimgerum
754 912 865 949 relata
884 924 952 949 uon
968 919 1062 958 suut,
1092 914 1126 949 in
1142 910 1345 949 Florentino
1375 917 1492 949 tamen
1519 911 1608 951 libro

137 986 206 1034 his,
218 988 340 1038 quibus
356 985 489 1034 debent,
503 987 591 1026 locis
604 981 822 1039 leguntur2).
851 985 1057 1024 Latinarum
1080 992 1195 1024 tamen
1212 988 1511 1033 constitutionum,
1526 999 1608 1037 qua·

137 1074 211 1100 rum
239 1063 407 1112 epitomae
437 1060 528 1112 apud
556 1060 780 1100 Theodorum
809 1061 938 1099 relatae
967 1066 1061 1107 sunt,
1088 1063 1278 1112 genuinum
1308 1066 1509 1100 contextum
1538 1075 1609 1101 uon

135 1136 272 1175 videtur
292 1135 469 1181 habuisse,
496 1135 642 1186 ideoque
665 1135 712 1183 hi,
742 1148 829 1187 quos
857 1139 894 1174 in
923 1136 1125 1174 collectione
1140 1134 1343 1175 CLXVIII.
1379 1135 1607 1174 Novellarum

137 1214 357 1263 occuparunt,
387 1211 452 1249 loci
479 1210 535 1248 vel
551 1213 650 1249 vacui
680 1212 790 1250 relicti
820 1215 912 1258 suut,
942 1210 1035 1262 quod
1063 1210 1200 1261 quidem
1225 1212 1262 1248 in
1279 1209 1430 1249 Novella
1445 1209 1499 1257 9.,
1530 1210 1610 1257 11.,

136 1282 205 1324 75.
228 1284 397 1322 accidisse
417 1284 587 1330 videmus,
616 1285 672 1322 vel
684 1284 864 1323 Theodori
887 1286 1043 1322 rubricas
1055 1297 1279 1335 summasque
1301 1283 1475 1331 exhibent,
1503 1292 1542 1322 ut
1570 1287 1608 1323 in
1660 1326 1662 1329 ⁸

137 1358 290 1398 Novella
319 1357 399 1405 33„
427 1355 619 1411 34.‚v35.,
649 1357 729 1405 36„
758 1358 836 1405 37„
865 1359 946 1404 62„
976 1357 1056 1404 65„
1088 1356 1195 1405 104„
1224 1357 1330 1403 111..
1362 1357 1469 1405 114„
1500 1357 1606 1405 143„

139 1430 235 1473 150.
272 1433 402 1472 factum
445 1446 525 1471 esse
560 1432 889 1481 animadvertimus,
926 1439 985 1472 aut
1023 1433 1171 1485 denique
1214 1433 1401 1473 Athanasii
1435 1436 1605 1474 rubricam

137 1521 378 1560 summamque
406 1500 627 1560 praeferunt,
656 1507 748 1559 quod
775 1511 812 1546 in
841 1508 992 1546 Novella
1022 1507 1089 1547 23.
1117 1509 1230 1547 locum
1260 1508 1376 1548 habet.
1440 1510 1605 1549 Rubrica·
1650 1537 1658 1544 .

133 1596 209 1622 rum
238 1588 369 1633 partem
400 1594 445 1619 ex
475 1580 689 1627 Athanasio,
725 1588 855 1632 partem
887 1596 930 1621 ex
959 1582 1146 1621 Theodoro
1175 1583 1309 1630 hausit,
1345 1583 1381 1622 id
1420 1582 1511 1633 quod
1550 1585 1605 1622 vel

132 1655 189 1694 his
216 1656 305 1694 locis
334 1655 464 1692 factum
496 1646 575 1691 esse
604 1654 775 1699 videmus,
805 1657 841 1692 in
871 1657 996 1706 quibus
1026 1656 1247 1707 Scrimgerus
1275 1657 1378 1695 habet
1406 1663 1467 1695 aut
1503 1659 1606 1709 plane

130 1730 258 1776 nullas,
295 1735 356 1767 aut
385 1741 430 1766 ex
460 1729 539 1766 aliis
576 1729 696 1774 libris,
735 1729 830 1766 velut
859 1741 904 1766 ex
931 1728 1119 1766 Athanasii
1149 1733 1394 1768 commentario
1424 1730 1605 1772 deductas.

130 1803 246 1854 Atque
280 1802 325 1840 ad
362 1801 416 1849 id,
454 1801 545 1852 quod
581 1805 689 1853 priori
725 1804 761 1840 iu
791 1802 867 1840 loco
895 1804 1008 1853 posui,
1035 1816 1147 1855 genus
1177 1803 1391 1844 revocandae
1419 1811 1503 1845 sunt
1530 1805 1605 1845 No-

130 1877 224 1916 vella
253 1875 321 1914 34.
353 1873 494 1927 (Th.p.
513 1874 616 1926 49.),
644 1875 738 1914 Nov.
769 1874 838 1915 35.
868 1875 958 1925 (Th.
988 1875 1092 1928 l.c.),
1119 1877 1214 1915 Nov.
1244 1876 1312 1916 36.
1344 1875 1434 1929 (Th.
1450 1892 1484 1929 p.
1502 1876 1604 1933 50.),

132 1951 227 1990 Nov.
258 1948 326 1987 37.
365 1945 455 1999 (Th.
485 1948 510 1985 l.
541 1946 604 2000 c.),
632 1947 726 1986 Nov.
759 1948 853 1987 122.
884 1947 1036 2001 (Th-.P·
1070 1948 1197 2001 122),
1225 1949 1431 1991 Nov.l43.
1463 1949 1554 2004 (Th.
1568 1966 1602 2003 p.

136 2020 264 2076 154),
291 2021 384 2060 Nov.
403 2019 497 2061 144.
529 2018 620 2074 (Th.
640 2035 675 2073 p.
691 2017 817 2074 155),
845 2020 938 2059 Nov.
956 2021 1050 2061 161.
1082 2019 1172 2075 (Th.
1187 2036 1221 2074 p.
1243 2022 1368 2076 163.),
1395 2024 1490 2064 Nov.
1508 2025 1604 2067 163.

134 2095 225 2150 (Th.
264 2110 299 2147 p.
332 2093 460 2148 164.),
488 2095 583 2135 Nov.
615 2093 711 2134 164.
743 2092 833 2146 (Th.
864 2096 889 2133 l.
920 2097 982 2147 c.)‚
1012 2095 1104 2135 Nov.
1134 2094 1230 2136 165.
1269 2095 1360 2149 (Th.
1389 2100 1414 2137 l.
1451 2098 1520 2152 c.);
1559 2102 1601 2139 ad

132 2171 210 2217 hoc,
239 2169 330 2220 quod
361 2168 535 2216 secundo,
566 2168 749 2208 referenda
778 2173 832 2206 est
860 2168 955 2207 Nov.
986 2167 1054 2209 33.
1084 2167 1175 2221 (Th.
1208 2185 1243 2221 p.
1272 2168 1372 2224 49.)‚
1408 2172 1503 2214 Nov.
1532 2173 1601 2214 80,

132 2243 222 2297 (Th.
252 2259 287 2296 p.
318 2242 405 2297 79.)
436 2243 531 2283 Nov.
563 2241 658 2282 138.
691 2240 780 2295 (Th.
811 2256 846 2294 p.
878 2239 993 2296 152.)
1034 2245 1157 2293 quibus
1193 2247 1230 2283 iu
1258 2245 1346 2283 locis
1383 2246 1601 2299 Scrimgerus

131 2320 288 2357 rubricas
317 2332 361 2357 ex
385 2320 521 2370 ignotis
549 2318 706 2355 fontibus
735 2316 904 2355 derivavit
932 2329 1031 2361 suas,
1059 2324 1119 2354 aut
1146 2316 1240 2357 Nov.
1259 2316 1327 2357 65.
1359 2316 1602 2376 (Th.p.69.),

131 2394 190 2431 ubi
207 2392 436 2444 Scrimgerus,
465 2404 553 2443 quae
569 2397 624 2430 est
651 2390 840 2430 Athanasii
867 2393 922 2430 tit.
954 2390 993 2429 2.
1023 2396 1135 2429 const.
1166 2389 1243 2439 10„
1272 2394 1445 2433 rubricam
1472 2397 1601 2445 retulit,

133 2466 195 2505 sed
224 2468 341 2518 aliqua
370 2480 414 2505 ex
448 2473 546 2518 parte
588 2468 817 2505 immutatam.
884 2448 1221 2516 Alia'rubricarum,
1250 2481 1337 2518 quae
1370 2469 1460 2519 apud
1488 2470 1599 2510 Halo-

222 2660 262 2703 1)
287 2661 370 2696 Hoc
392 2660 439 2695 de
461 2659 556 2696 Nov.
580 2660 677 2703 161„
701 2660 798 2704 163„
819 2658 914 2704 164„
939 2668 1032 2704 quae
1056 2659 1150 2705 apud
1172 2658 1421 2698 Haloaudrum
1445 2673 1482 2707 p.
1500 2663 1596 2711 226„

135 2716 229 2762 228„
251 2718 330 2753 229.
351 2719 489 2753 relatae
512 2720 609 2762 sunt,
633 2717 767 2752 dictum
791 2727 873 2752 esse
894 2715 1090 2759 intelligas.

225 2784 264 2826 2)
290 2785 402 2829 Vide,
425 2796 517 2830 quae
539 2785 587 2819 de
610 2784 678 2820 hac
700 2796 741 2820 re
766 2784 842 2819 dixi
864 2784 903 2819 in
926 2783 1037 2818 libro:
1059 2784 1252 2830 Zeitschrist
1273 2784 1331 2829 fiir
1350 2787 1598 2832 yeschichtliche

137 2839 489 2887 Rechtmissenschast
511 2845 597 2879 tom.
622 2843 714 2880 VIII.
740 2856 775 2889 p.
800 2842 898 2888 322„
921 2840 1003 2879 347.
1027 2852 1102 2888 scq.
