1753 3215
830 171 890 216 20

132 308 282 347 maxime
326 303 463 342 illustre
501 298 654 339 Novella
692 297 788 338 133.
835 303 909 346 est,
956 312 1045 350 quae
1083 313 1162 340 cum
1191 302 1372 349 Iohanni,
1407 298 1600 351 praesecto

125 381 332 430 praetorio,
369 378 497 428 scripta
532 386 611 412 esse
647 371 889 424 perhibeatur,
924 372 993 412 hoc
1028 376 1148 412 tamen
1187 373 1326 413 dicendi
1369 385 1495 427 genere
1533 384 1601 410 usa

130 467 211 492 esse
245 446 490 504 reperitur¹)‚
530 462 597 500 quo
629 448 861 497 patriarcha
899 445 1313 498 Constantinopolitanae
1359 450 1511 488 civitatis
1554 460 1599 484 ex

131 529 256 568 domus
285 528 467 579 Augustae
501 521 751 561 consuetudine
791 522 952 572 compelli
990 516 1208 574 solebat2),
1235 523 1451 572 praefectus
1485 534 1599 573 prae—

132 605 227 641 torio
264 614 333 639 non
369 601 465 637 item.
534 596 689 646 Cumque
718 596 750 631 is
778 597 1007 644 patriarcha
1045 597 1156 645 primo
1197 593 1290 646 legis
1319 597 1431 645 capite
1458 598 1496 634 in
1526 608 1600 633 ma-

130 676 259 714 nifesta
307 674 488 723 praefecti
529 670 723 720 praetorio
778 670 998 718 oppositione
1063 671 1168 706 tertia
1222 667 1415 719 singularis
1466 670 1602 708 numeri

130 761 281 802 persona
325 746 546 798 designetur,
590 743 801 793 praefectus
834 744 1032 791 praetorio
1071 746 1186 780 autem
1228 746 1328 779 sexto
1376 744 1489 793 capite
1526 755 1601 781 ver-

130 825 184 863 bis
212 817 238 874 ἡ
264 818 315 872 σὴ
331 811 529 873 ὗπερὸχή;
559 820 595 855 in
607 817 744 869 epilogo
758 817 874 855 verbis
904 809 1001 868 ἦσὴ
1032 810 1260 868 ἐνδοξότης,
1288 815 1325 855 id
1345 820 1411 861 est,
1442 814 1598 855 secunda

129 896 317 948 singularis
341 894 474 931 numeri
491 904 642 942 persona
667 891 899 944 significetur,
927 905 997 930 non
1027 890 1253 930 dubitandum
1284 895 1348 936 est,
1378 894 1460 942 quin
1488 894 1601 929 nostri

128 961 279 1020 corporis
316 966 517 1017 compilator
555 978 599 1002 ex
642 965 780 1003 duobus
818 964 974 1003 eiusdem
1011 964 1102 1017 legis
1139 966 1416 1016 exemplaribus,
1452 977 1598 1016 quorum

124 1056 229 1081 unum
278 1039 321 1079 ad
362 1041 593 1090 praesectum
630 1042 846 1090 praetorio,
892 1039 1038 1077 alterum
1084 1037 1129 1076 ad
1169 1042 1436 1089 patriarcham
1479 1038 1598 1078 datum

123 1119 210 1162 fuit,
254 1118 341 1153 inter
377 1127 415 1151 se
452 1114 590 1151 collatis
629 1113 742 1159 hunc,
788 1114 847 1164 qui
883 1115 920 1150 in
950 1112 1068 1151 codice
1098 1112 1234 1151 Veneto
1270 1113 1453 1163 habetur,
1473 1114 1599 1152 consti-

124 1191 268 1229 tutionis
297 1192 494 1226 contextum
526 1190 781 1237 composuerit,
811 1189 993 1238 utriusque
1034 1187 1216 1238 dignitatis
1246 1187 1485 1226 diversitatem
1523 1186 1599 1225 dili·

121 1267 241 1316 genter
277 1261 459 1299 adnotans.
533 1258 675 1298 Accidit
704 1265 821 1299 autem
851 1274 932 1299 rara
960 1267 1161 1299 nostrorum
1191 1268 1383 1314 temporum
1421 1261 1598 1308 felicitate,

120 1343 160 1376 ut
197 1343 231 1376 et
266 1338 408 1376 alterum
438 1335 545 1374 huius
582 1336 675 1387 legis
714 1337 908 1387 exemplar,
953 1335 1043 1388 quod
1097 1335 1142 1373 ad
1176 1338 1440 1385 patriarcham
1477 1335 1596 1373 datum

122 1417 194 1458 est,
231 1413 266 1450 in
304 1411 505 1449 collectione
541 1409 664 1449 XXV.
712 1412 942 1462 capitulorum
989 1412 1195 1462 reperiretur
1238 1413 1413 1462 integrum
1426 1405 1477 1463 ³).
1543 1409 1597 1448 Ibi

120 1484 187 1530 his,
217 1498 302 1534 quae
332 1488 454 1534 capitis
494 1484 532 1523 l.
564 1494 658 1529 sunt,
687 1486 823 1522 verbis:
862 1485 946 1522 τῶν
974 1479 1055 1523 ὕπὸ
1094 1481 1165 1522 τὸν
1203 1479 1480 1534 οἷκουμενικὸν
1515 1496 1597 1521 πα-

118 1552 314 1612 τριάρχην
348 1552 500 1610 τάυτης
529 1558 604 1610 τῆς
630 1552 813 1612 μεγάλης
842 1554 1018 1607 πόλεως,
1057 1572 1145 1610 quae
1181 1559 1370 1610 exemplari
1406 1557 1467 1597 ad
1480 1570 1597 1608 prae-

101 1635 249 1682 sectum
296 1635 490 1682 praetorio
540 1632 620 1670 dato
668 1635 771 1670 unice
819 1638 901 1684 apta
945 1637 1029 1671 sunt
1086 1631 1415 1683 accommodataque
1430 1660 1441 1678 ,
1493 1630 1596 1681 plane

118 1710 278 1753 omissis,
317 1719 391 1758 cap.
421 1705 462 1745 6.
497 1704 602 1753 haec,
640 1720 709 1757 qna
742 1709 957 1757 praefectus
991 1710 1191 1757 praetorio
1241 1706 1399 1757 compelli
1448 1705 1595 1750 solebat,

117 1780 253 1818 dicendi
280 1783 369 1818 ratio
408 1780 477 1818 alio
505 1779 670 1830 loquendi
701 1793 849 1831 genere,
887 1779 979 1832 quod
1018 1782 1270 1831 patriarchae
1306 1791 1477 1831 personae
1516 1792 1595 1818 con-

117 1855 468 1902 venit,permutatur‚
498 1866 575 1889 cum
604 1855 784 1890 verborum
815 1854 873 1907 τῷ
903 1852 1155 1906 δικαστηρίῳ
1173 1847 1259 1903 ’τῆς
1288 1854 1363 1899 σῆς
1393 1848 1597 1905 ’ὑπεροχῆς

119 1928 156 1963 in
177 1926 292 1963 locum
319 1924 406 1963 haec
434 1927 520 1971 τοῖς
549 1920 829 1983 ἐνὸοξοτάῖοις
859 1921 1051 1977 ἐπάρχοις
1079 1926 1162 1965 τῶν
1191 1923 1308 1978 ἱερῶν
1337 1922 1596 1978 πραιτωρίων

120 1999 355 2045 sufficiantur,
385 1997 508 2037 deinde
524 2004 649 2049 postea
669 2011 731 2049 pro
755 2001 891 2037 verbis:
921 2000 972 2052 τῇ
1002 1999 1054 2052 σῇ
1083 1993 1263 2053 ὑπεροχῇ
1292 1999 1491 2038 habeaturz'
1509 2002 1596 2046 τοῖς

117 2059 398 2120 ἐνδοξοτάτοις
433 2066 627 2125 ἐπάρχοις
662 2072 745 2112 τῶν
781 2069 900 2126 ἱερῶν
929 2071 1210 2127 πραιτωρίων,·
1248 2073 1394 2125 denique
1423 2076 1460 2112 in
1489 2073 1595 2113 huius

116 2148 206 2199 legis
250 2147 407 2198 epilogo,
454 2160 542 2197 quae
582 2146 626 2185 ad
660 2150 891 2198 praefectum
926 2151 1118 2199 praetorio
1162 2148 1359 2190 referuntur
1394 2142 1420 2200 ἥ
1460 2145 1594 2187 τοίνυν

117 2217 168 2273 σὴ
205 2215 435 2274 ἕνδοξότης,
473 2221 538 2260 hac
572 2225 822 2272 patriarchae
859 2223 1118 2276 designatione:
1162 2216 1188 2274 ἦ
1228 2219 1365 2262 τοίνυν
1409 2217 1461 2273 σὴ
1507 2235 1593 2271 μα-

119 2290 321 2347 καριότης,
349 2301 602 2346 permutantur.
634 2295 747 2338 Quam
777 2310 848 2335 rem
881 2297 1079 2349 etVulgata
1098 2296 1475 2340 Novellaranersio,
1504 2308 1593 2346 quae

118 2368 209 2408 idem
241 2370 414 2420 exemplar
441 2370 485 2409 ad
514 2371 741 2422 patriarcham
773 2375 920 2411 missum
951 2372 1064 2418 habet,
1094 2375 1183 2411 satis
1213 2373 1404 2411 confirmat.
1432 2370 1528 2409 Nam
1550 2376 1593 2409 -et

211 2535 249 2578 1)
275 2537 370 2571 Nov.
396 2538 473 2572 133.
499 2548 578 2583 cap.
604 2539 637 2573 1.
663 2532 684 2580 ἢ
709 2538 782 2573 τῶν
804 2535 879 2574 ὑπὸ
904 2536 969 2581 τὴν
992 2537 1060 2582 σὴν
1085 2534 1204 2574 ὄντων
1228 2532 1455 2582 ἁγιωσύνην.
1480 2538 1590 2584 Atqui

118 2593 281 2636 praefecti
301 2595 472 2637 praetorio
493 2593 701 2630 inNovellis
725 2595 795 2631 hoc
817 2597 945 2631 modo:
969 2592 990 2639 ἦ
1014 2594 1059 2640 σὴ
1082 2589 1277 2637 ένδοξότης
1298 2596 1357 2629 vel
1375 2606 1397 2637 η
1417 2590 1462 2638 σὴ
1471 2590 1589 2640 ὑπερ-

120 2643 191 2693 ozri
211 2648 394 2691 designari
416 2651 545 2686 solent.

210 2703 253 2747 2)
275 2705 479 2741 Patriarcha
501 2707 619 2742 verbis
642 2703 665 2751 ἡ
688 2703 734 2751 σὴ
758 2703 948 2753 ἁγιωσύνῃ
971 2708 1009 2744 in
1027 2709 1124 2744 Nov.
1136 2706 1171 2742 5.
1196 2706 1295 2754 epil„
1318 2706 1415 2743 Nov.
1442 2708 1477 2744 6.
1503 2707 1588 2755 epil.

128 2756 166 2805 §-
187 2758 236 2801 1.,
263 2760 358 2795 Nov-
381 2763 438 2798 57.
463 2774 542 2808 cap.
564 2765 599 2799 2.
623 2765 866 2811 compellitur.

217 2813 256 2856 3)
282 2815 372 2853 Vide
395 2818 592 2855 Heimbach
607 2816 835 2858 Ἀνεκδότων
856 2827 944 2859 tom.
967 2824 1011 2858 11.
1035 2835 1074 2869 p.
1098 2821 1177 2858 188.
